1471 2334
1199 117 1239 147 29

121 204 170 244 rit,
192 203 223 235 iu
249 203 352 235 medio
368 203 527 242 relinquo,
550 202 629 233 satis
646 201 810 243 probabile
826 205 932 233 autem
949 205 997 233 est
1015 201 1111 232 Weili
1127 201 1240 243 δῆλον,

121 254 215 295 quod,
238 254 394 295 scriptura
413 256 516 295 Θησεῖ
537 253 634 284 semel
659 252 811 292 admissa,
833 255 867 283 ut
891 252 998 284 sensui
1016 252 1241 292 consuleretur,

121 306 215 337 facilc
239 305 351 345 corrigi
374 307 498 346 poterat
521 304 552 335 111
577 304 681 343 δείξω.
728 304 797 344 ipse
820 303 947 343 quidem
972 303 1106 334 Weilius
1130 306 1242 344 postea

121 356 322 388 scribendum
356 355 481 397 putavit
514 356 614 395 δεῖξαι
650 352 756 396 δεήσει
795 353 917 396 (Revue
950 354 1082 394 critique
1108 355 1187 385 1875
1220 354 1242 394 I,

122 418 150 448 p.
174 408 259 448 207).
308 406 363 438 sed
402 407 461 438 etsi
500 405 635 437 mutatio
668 408 717 437 est
748 406 826 437 satis
858 405 954 445 levis,
993 409 1100 437 tamon
1138 414 1242 445 neque

123 456 228 500 δεήσει
252 461 360 499 aptum
386 457 510 489 videtur
532 460 604 498 post
628 457 678 489 δεῖ
718 456 761 497 (v.
785 456 855 498 41),
889 459 919 488 et
944 456 1044 496 δεῖξαι
1076 456 1170 487 nimis
1198 456 1242 487 in-

123 509 284 541 definitum
315 512 377 549 est,
415 508 565 548 quoniam
597 518 699 548 neque
738 507 868 539 dativus
901 517 1004 547 neque
1037 507 1242 539 accusativus

122 560 255 591 subiecti
279 560 412 591 aceedit.
434 577 476 582 —
499 568 611 590 versus
642 559 737 599 igitur
768 559 814 590 ita
847 559 969 590 servari
992 568 1085 600 posse
1110 558 1243 597 videtur,

121 615 155 642 ut
178 610 348 642 scribatur:

296 670 400 711 δῆλον
423 669 458 700 δὲ
480 665 575 710 θήσει
599 669 733 710 πρᾶγμα
756 664 1007 710 κᾶκφανήσεται

121 749 149 771 v.
172 740 233 769 224
288 738 320 769 τί
342 737 547 780 κυνηγεσίων
568 737 624 768 καὶ
648 737 698 768 σοὶ
722 737 881 779 μελε’της;

122 798 211 829 codd.
236 798 259 828 Β
282 801 313 829 et
335 797 361 828 E
392 797 546 838 praebent
578 796 693 838 μελέτη
723 798 754 827 et
778 796 801 827 C
835 799 935 828 totum
959 807 1085 829 versum
1117 797 1163 827 sic
1190 806 1242 828 ex-

122 849 223 881 hibet:
427 848 459 879 τί
483 858 535 879 σοι
558 847 764 889 κυνηγεσίων
786 847 922 889 μελέτη.-

122 908 205 940 hunc
242 918 368 940 versum
407 908 449 939 ab
487 908 712 948 interpolatore
750 907 901 948 seriptum
941 910 1031 949 putat
1061 906 1244 939 Dindorfius

122 960 250 1002 (Adnot.
274 960 315 990 ad
340 960 413 991 Eur.
437 960 460 999 Ι,
483 958 574 1000 382),
597 959 673 998 quia
697 959 838 999 ineptum
863 960 903 990 sit
932 959 987 990 καὶ
1011 959 1079 997 σοι’,
1113 969 1133 990 a
1156 959 1244 990 seho-

123 1011 219 1043 liasta
242 1011 326 1042 male
350 1010 544 1052 explicatum
567 1019 624 1050 per
646 1007 802 1051 καθάπερ
826 1016 896 1047 τοῖς
921 1005 1090 1052 ἀνδράσιν,
1113 1013 1144 1042 et
1168 1011 1244 1050 quia

124 1062 301 1104 κυνηγέσια
325 1062 408 1093 alias
432 1061 518 1102 apud
541 1061 680 1101 tragicos
705 1070 766 1091 non
790 1061 922 1101 legatur.
968 1062 1024 1093 sed
1049 1065 1124 1102 quot
1148 1062 1246 1093 verba

124 1114 209 1155 apud
233 1113 371 1153 tragieos
395 1113 493 1144 semel
517 1113 701 1143 occurrunt!
739 1112 792 1143 καὶ
820 1113 873 1143 σοί
897 1115 1002 1144 autem
1027 1123 1083 1154 pro
1108 1113 1245 1154 simplici

125 1165 178 1196 σοί
208 1164 344 1206 positum
385 1173 496 1195 revera
534 1163 659 1194 videtur
696 1172 767 1194 esse
805 1163 981 1196 molestum.
1040 1164 1245 1204 quamobrem

125 1214 338 1247 Kirehhosfius
361 1215 436 1246 olim
452 1214 616 1256 proposuit
638 1214 671 1245 τί
694 1215 902 1256 κυνηγεσίων
924 1215 1006 1255 μέτα
1023 1224 1075 1247 σοι
1090 1216 1247 1257 μελέτης,·

125 1271 157 1299 et
180 1267 360 1299 Meinekius
389 1265 483 1307 (Mus.
507 1265 605 1297 Rhen.
631 1266 667 1295 19
691 1275 720 1306 p.
749 1267 818 1306 146)
849 1272 913 1297 παῖ
934 1275 993 1298 σοι.
1038 1267 1094 1298 sed
1118 1267 1248 1308 saepius

125 1319 180 1350 καί
218 1319 249 1349 111
288 1317 526 1358 interrogativis
567 1316 741 1347 enuntiatis
779 1316 916 1349 additur.
975 1318 1012 1350 ef.
1042 1318 1169 1360 Hippol.
1199 1319 1248 1357 92,

130 1371 218 1411 1171,
251 1369 318 1401 Ale.
342 1370 411 1400 834.
456 1367 551 1409 Soph.
575 1366 652 1399 Oed.
675 1368 711 1398 R.
735 1368 814 1409 989,
841 1370 919 1399 1129
944 1370 1016 1400 Ant.
1040 1371 1110 1400 772.
1156 1379 1248 1411 prae-

125 1425 213 1453 terea
237 1421 419 1461 frequenter
441 1419 563 1451 accedit
579 1418 621 1449 ad
644 1418 834 1459 pronomina
850 1420 1042 1462 personalia,
1067 1420 1104 1452 cf.
1119 1420 1249 1462 Hippol.

126 1474 196 1513 390,
219 1474 290 1514 724,
313 1472 384 1512 968,
409 1473 499 1511 1041,
522 1469 616 1511 Soph.
639 1472 710 1502 Ant.
724 1471 794 1510 280,
818 1470 864 1502 El.
890 1472 979 1512 1301,
1010 1471 1086 1504 Oed.
1111 1472 1177 1504 Col.
1201 1474 1248 1513 53,

127 1525 198 1556 870.
244 1532 441 1564 quamquam
466 1524 573 1553 nostro
596 1521 674 1560 1000,
698 1524 731 1552 ut
754 1521 871 1553 vitetur
895 1522 1096 1563 ambiguitas,
1120 1523 1186 1555 soil.
1208 1533 1248 1555 ne

126 1575 272 1607 videatur
294 1574 400 1606 nutrix
424 1572 465 1604 ad
486 1572 699 1613 Hippolytum
724 1572 885 1613 adludere,
911 1574 1020 1605 malim
1045 1584 1115 1605 cum
1133 1574 1249 1605 Weilio

127 1627 237 1658 ordine
267 1626 423 1656 inmutato
456 1623 593 1655 scribere
621 1623 671 1654 σοὶ
705 1623 758 1654 καὶ
785 1624 913 1666 μελέτη.
960 1628 1044 1656 reete
1068 1626 1151 1656 enim
1175 1625 1249 1656 seri—

127 1678 210 1709 bitur
233 1686 336 1717 neque
358 1676 511 1717 μελέτης,
549 1675 635 1714 quod
674 1678 722 1705 est
759 1675 792 1705 in
825 1676 971 1716 plurimis
1005 1676 1110 1716 libris,
1147 1686 1249 1716 neque

129 1740 198 1762 eum
222 1727 436 1760 Valckenario
459 1726 588 1767 μελέτῃ,
612 1725 668 1757 sed
691 1725 820 1767 μελέτη,
845 1726 929 1766 quod
953 1730 1000 1758 est
1024 1727 1056 1758 in
1074 1727 1098 1758 B
1115 1727 1138 1758 C
1156 1728 1191 1768 E,
1215 1731 1248 1759 ut

128 1790 240 1813 sensus
264 1779 320 1810 sit:
361 1788 433 1816 „our
457 1776 585 1808 tandem
609 1775 812 1808 venationum
836 1777 894 1808 tibi
919 1781 966 1809 est
989 1778 1108 1809 eura?“

214 1838 323 1871 Nihilo
348 1842 456 1869 tamen
473 1836 584 1876 serius,
601 1836 628 1867 si
653 1845 762 1867 verum
773 1840 864 1877 esset,
878 1837 964 1877 quod
974 1837 1252 1871 Wilamow.Anal.

129 1892 226 1933 p.219
236 1893 267 1922 et
275 1888 466 1921 Bartholdus
475 1887 554 1918 Mus.
564 1885 663 1919 Rhen.
674 1888 709 1917 31
720 1897 750 1928 p.
760 1888 820 1918 318
833 1888 1030 1929 existimant,
1041 1889 1123 1921 inter
1136 1900 1169 1922 se
1181 1900 1251 1931 per-

130 1941 300 1974 mutandos
316 1950 387 1972 esse
410 1950 437 1971 v.
453 1939 599 1969 212—14
623 1941 653 1969 et
670 1947 720 1970 vv.
747 1939 904 1977 223-27,
930 1951 956 1971 v.
973 1941 1034 1971 224
1059 1940 1127 1973 sine
1150 1941 1248 1973 dubio

131 1997 215 2026 esset
239 1991 410 2025 eiciendus.
455 1989 512 2021 sed
535 1989 615 2020 haec
637 1989 854 2030 transpositio,
877 2000 961 2031 quae
983 1991 1093 2023 nititur
1125 1991 1158 2023 in
1181 1993 1251 2033 opi-

130 2045 224 2076 nione
241 2043 335 2075 Iahni
358 2042 405 2083 (in
414 2041 553 2073 Hermae
567 2044 640 2071 tom.
652 2040 682 2071 ΙΙ
694 2041 821 2081 p.·230),
842 2041 950 2073 sedem
968 2052 1118 2074 versuum
1133 2044 1251 2083 213s14

132 2099 163 2128 et
180 2096 296 2135 225s27
322 2102 391 2126 esse
414 2090 670 2134 permutandam,
693 2092 778 2131 quod
801 2096 907 2124 tamen
931 2102 971 2125 ne
993 2093 1097 2134 ipsum
1122 2094 1250 2134 quidem

1034 2154 1048 2178 3

1289 781 1304 798 ’.
1315 774 1363 797 224
