1471 2334
1206 100 1244 129 37

129 184 222 224 βίον,
255 184 369 216 deinde
391 184 512 225 μακραὶ
538 185 646 225 Maxu!
673 184 725 215 καὶ
751 182 870 226 σχολή,
904 184 1018 224 quibus
1046 184 1149 215 verbis
1173 184 1247 215 reci-

128 235 212 276 pitur
235 246 296 266 vox
322 230 450 277 ἀργίας,
474 240 538 266 tum
562 231 671 272 αἰδώς.
716 235 777 267 hae
807 238 872 267 tres
902 234 1068 267 Phaedrae
1099 234 1247 266 videntur

128 296 259 327 causae,
293 297 347 317 cur
375 286 517 317 homines
549 286 681 327 bonum⁷
719 286 802 326 quod
826 290 994 326 noverunt,
1032 297 1094 317 non
1118 286 1247 317 faciant.

128 346 230 378 neque
261 337 293 368 in
321 337 503 369 discrimine
532 337 665 368 duorum
695 347 844 377 generum
868 337 998 378 pudoris
1022 337 1245 368 offendiculum

128 388 219 419 inest.
264 388 301 419 ef.
325 388 454 420 Hesiod.
477 399 526 429 op.
550 391 579 420 et
602 388 631 420 d.
648 390 707 419 316
732 388 782 429 (11.
797 390 827 419 Ω
843 388 896 429 ’25)
921 392 951 420 et
967 388 1074 429 Eurip.
1090 388 1161 429 srgt.
1177 390 1247 420 367.

130 439 227 471 verba
251 442 358 471 autem
383 439 409 471 εἰ
433 434 462 471 <5²
479 436 496 470 ὁ
520 437 633 481 καιρὸς
657 432 695 481 ἢν
719 434 824 481 σαφής
847 438 1041 479 significant:
1066 439 1092 470 si
1116 439 1247 480 planum

129 494 223 530 esset,
247 490 375 531 quando
399 490 465 531 1100,
488 490 617 530 quando
641 490 719 521 illud
743 500 844 531 genus
868 490 1066 532 conduceret,
1089 490 1197 529 (schol.
1220 490 1248 521 εἰ

130 538 262 583 boumn·
293 537 453 583 εὐκαίρως
485 541 681 581 αἰδεῖσθαι),
716 542 764 573 vel
797 541 823 572 si
852 545 1018 581 utrumque
1045 551 1145 582 genus
1169 541 1249 573 bene

130 593 392 633 distingueretur,
424 593 508 624 duae
531 593 677 624 diversae
701 593 847 623 notiones
870 603 932 623 non
955 592 1069 624 eadem
1092 593 1249 634 exprime-

130 647 238 675 rentur
262 654 347 675 voce.
392 643 546 684 denique,
573 644 633 675 etsi
657 643 728 675 huie
751 654 813 674 11011
839 644 969 674 multum
993 643 1111 683 tribuo,
1135 654 1161 675 v.
1186 646 1246 674 380

133 695 246 736 respici
270 695 395 726 videtur
418 705 437 726 a
460 695 635 726 Menandro
660 705 710 736 ap.
734 694 888 726 Athenae.
911 695 992 726 XIII
1016 705 1044 735 p.
1069 697 1125 725 571
1152 695 1195 735 E,
1218 698 1249 726 et

134 746 249 786 singuli
281 756 391 777 versus
421 746 558 777 citantur
594 745 634 776 ab
665 745 892 787 Olympiodoro
924 746 955 776 in
987 745 1068 777 Plat.
1098 746 1196 777 Aleib.
1221 756 1249 787 p.

134 799 190 828 139
215 798 256 838 (v.
274 797 364 839 353),
393 807 412 828 a
437 796 606 828 Plutarcho
631 797 671 828 de
694 797 810 828 virtute
834 806 908 828 mor.
932 807 960 837 p.
985 798 1045 827 445
1070 797 1111 837 (v.
1127 798 1186 827 3521
1204 797 1250 838 s.),

130 858 150 880 a
175 848 270 880 schol.
294 848 385 879 Hom.
409 848 443 879 11.
466 849 509 888 Α,
544 850 600 878 10⁴
625 847 666 889 (v.
684 849 767 889 386),
791 847 832 878 ab
856 847 999 879 Eustath.
1024 848 1054 878 in
1078 848 1113 879 Il.
1136 858 1165 889 p.
1189 850 1249 879 723

131 899 172 940 (v.
189 899 274 941 386).

131 985 160 1008 v.
188 978 266 1006 1295
342 972 420 1007 οὔθ’
445 975 662 1017 ἱππο(1’ἐσμωι’
685 973 759 1007 oste
785 977 961 1018 κολλητῶι»
984 973 1073 1016 ὄχων

131 1053 298 1084 Nauckius
321 1053 505 1094 proscripsit
529 1064 558 1094 p.
574 1054 622 1085 43.
645 1053 677 1084 in
702 1063 795 1084 versu
813 1053 1013 1085 antecedenti
1030 1049 1105 1084 οὔτε
1122 1056 1250 1084 mutans

132 1105 163 1136 in
192 1102 274 1135 ηέῑτι.
326 1104 498 1136 arbitratur
527 1104 611 1135 enim
636 1114 746 1144 equos,
775 1105 798 1135 si
829 1104 995 1136 mordeant
1023 1114 1115 1135 oreas
1143 1103 1250 1145 (ἐνδα-

131 1157 245 1187 κοῦσαι
275 1153 421 1196 στόμια),
445 1166 507 1186 11011
531 1155 591 1186 dici
616 1165 709 1196 posse
733 1166 794 1186 non
820 1165 927 1186 curam
951 1154 1067 1186 habere
1090 1154 1249 1186 frenorum

132 1203 186 1249 (οὗ
219 1207 460 1248 μεταστρέφειν
493 1208 561 1237 τῶν
597 1205 843 1247 ἱπποδέσμων),
875 1216 945 1237 cum
976 1206 1052 1237 illae
1083 1206 1144 1236 sint
1176 1215 1251 1246 pars

132 1258 251 1290 horum.
296 1258 352 1289 sed
375 1257 463 1289 nulla
487 1267 520 1289 re
544 1258 699 1298 cogimur,
723 1255 929 1298 ἱππόδεσμα,
954 1257 1037 1297 quod
1061 1256 1250 1288 vocabulum

132 1309 208 1342 alibi
233 1319 295 1340 non
318 1309 465 1349 ivenitur,
488 1309 690 1350 interpretari
709 1308 859 1340 habenas.
904 1308 980 1339 mihi
1004 1308 1111 1349 potius
1127 1317 1166 1339 ea
1181 1307 1251 1339 lora

132 1360 347 1401 intellegenda
363 1360 517 1400 videntur,
541 1360 654 1400 quibus
678 1360 751 1400 equi
776 1360 816 1391 ad
840 1369 964 1391 currum
981 1363 1076 1400 atque
1092 1362 1250 1390 temonem

133 1411 267 1452 adligati
291 1414 371 1442 suut.
415 1411 527 1443 eadem
550 1411 676 1442 videtur
695 1421 766 1442 esse
782 1410 972 1451 significatio
990 1410 1135 1442 vocabuli
1153 1409 1251 1441 ἱππο-

133 1463 237 1505 δέτης,
261 1462 346 1503 quod
370 1463 505 1494 occurrit
529 1462 625 1503 Soph.
649 1462 735 1494 Aiae.
758 1473 786 1494 v.
803 1463 873 1493 241.
917 1462 1059 1493 firmatur
1083 1461 1162 1492 haee
1183 1471 1251 1492 sen-

131 1514 231 1546 tentia
255 1523 300 1553 eo,
324 1514 407 1553 quod
430 1513 575 1545 habenae
598 1513 662 1545 iam
687 1512 906 1554 significantur
929 1513 1034 1544 verbis
1057 1508 1252 1554 ναυκλήρου

131 1563 234 1606 χερός.
279 1565 376 1596 etiam
408 1565 511 1596 minus
542 1564 691 1596 Nauekio
724 1564 822 1596 verba
855 1560 932 1595 οὔτε
965 1565 1139 1606 κολλητῶν
1163 1559 1251 1604 ὄχων

134 1616 294 1656 quadrare
325 1616 472 1647 videntur
495 1616 537 1646 ad
559 1615 860 1657 μετειστρέᾳουσαι,
884 1616 961 1655 quia
984 1615 1073 1655 equi,
1101 1614 1127 1646 si
1159 1614 1252 1646 modo

133 1666 253 1698 vehant
276 1677 416 1706 currum,
448 1667 554 1707 utique
586 1667 655 1698 eius
683 1677 791 1698 curam
816 1666 965 1697 habeant.
1010 1669 1043 1697 at
1066 1675 1140 1697 vero
1165 1665 1253 1696 aliud

133 1722 190 1757 est,
214 1718 240 1749 si
264 1718 337 1758 equi
362 1728 485 1749 currum
511 1718 626 1749 vehunt
648 1717 773 1758 placide
797 1720 893 1757 atque
916 1717 963 1748 ita
988 1720 1020 1747 ut
1044 1717 1178 1757 aurigae
1201 1716 1253 1747 ob-

134 1769 273 1809 oediant,
297 1769 393 1809 aliud,
417 1769 443 1800 si
467 1779 538 1800 eum
555 1768 819 1808 „inobsequentes
836 1768 934 1799 frenis
950 1767 1104 1808 1·apiunt“,
1128 1771 1160 1798 ut
1176 1767 1254 1798 dicit

135 1820 256 1852 Seneca
280 1819 416 1851 Phaedr.
444 1821 530 1858 1068,
554 1823 584 1851 et
608 1820 739 1851 efferato
762 1818 855 1850 cursu
878 1819 1026 1850 feruntur.
1071 1818 1098 1849 si
1122 1818 1180 1850 1100
1203 1827 1253 1849 ae-

136 1871 225 1911 cidit,
249 1874 282 1902 ut
306 1875 412 1902 nostro
436 1872 519 1907 loco,
543 1871 610 1902 sine
634 1870 729 1901 dubio
753 1870 821 1902 iure
844 1870 992 1901 (licuntur
1017 1865 1058 1901 οὗ
1079 1869 1253 1910 μεταστρέ-

135 1933 210 1962 φειν
234 1923 305 1953 τῶι·
329 1918 425 1963 ὄχων.
471 1922 617 1953 videmus
648 1922 759 1961 igitur,
783 1932 811 1953 v.
838 1923 917 1952 1225
940 1925 1048 1962 aptam
1072 1920 1255 1961 explicatio-

135 1983 206 2005 nem
232 1973 357 2005 habere.
409 1973 493 2013 quod
525 1977 632 2004 autem
664 1970 854 2013 ὶππόὸεσμα
880 1976 928 2004 est
951 1968 1040 2012 ἅπαξ
1064 1969 1253 2012 λεγόμενον,

135 2025 164 2055 ci
191 2034 230 2056 ne
254 2024 421 2055 Nauekius
454 2025 580 2064 quidem
612 2024 744 2055 multum
775 2023 891 2055 tribuit.
943 2034 981 2055 ao
1009 2023 1148 2064 profecto
1176 2021 1253 2053 nihil

136 2075 210 2107 inde
233 2075 375 2106 efficitur.

1287 991 1311 1008 v.
1324 985 1385 1008 1225
