1501 2344
193 508 417 571 Disputaturo
449 530 524 561 mihi
559 531 597 561 de
626 530 872 571 interpolatione
900 529 1066 570 Hippolyti
1099 529 1227 560 fabulae

107 581 301 622 Euripideae
326 581 476 612 nonnulla
501 582 532 612 111
557 583 739 612 universum
771 581 920 613 videntur
943 590 1013 612 esse
1036 580 1225 622 praefanda.

106 632 268 673 Euripidis
291 632 474 671 tragoedias
502 631 801 673 interpolationibus
832 632 1025 672 depravatas
1049 641 1120 663 csse
1144 641 1227 662 nnnc

106 683 187 714 inter
202 692 311 714 omncs
328 685 461 714 constat.
506 686 602 723 atque
624 682 685 714 duo
703 682 902 723 potissimum
928 686 999 713 sunt
1015 682 1227 714 discernenda

106 734 383 775 interpolationum
417 743 543 774 genera.
601 738 680 765 alias
713 734 816 765 factas
846 743 917 765 esse
951 733 992 764 ab
1023 733 1227 764 histrionibus

105 785 222 816 seimus
245 784 425 817 testimonio
452 785 732 825 grammaticorum
757 784 1062 824 Alexandrinorum,
1093 794 1225 824 quorum

106 836 269 868 doctrinae
292 836 429 876 vestigia
452 836 483 866 in
515 835 642 867 scholiis
666 839 739 866 sunt
763 840 905 875 servata,
936 839 1017 867 aliae
1041 835 1227 867 referendae

106 891 179 918 sunt
209 887 251 918 ad
281 887 414 918 lectores
442 890 472 918 et
504 886 745 926 grammaticos,
775 886 828 926 qui
858 889 913 917 aut
945 886 1087 917 consulto
1115 896 1227 917 versus

105 938 357 979 interpolabant,
386 941 440 969 aut
464 937 568 969 verbis
598 941 712 978 poetae
743 937 969 968 adscribebant
1000 947 1083 977 quac
1113 941 1226 978 postea

106 989 226 1021 librarii
249 1000 311 1020 non
335 993 400 1020 tam
425 989 496 1020 dolo
520 989 604 1020 malo
629 999 724 1028 qnam
744 988 963 1029 imprudenter
985 989 1016 1019 in
1041 989 1144 1029 ipsum
1162 993 1226 1020 tex—

106 1044 170 1072 tum
194 1044 387 1081 receperunt.
432 1040 480 1071 cui
509 1040 619 1080 generi
650 1040 796 1080 singulae
824 1040 1086 1080 interpolationes
1109 1040 1226 1071 adseri-

106 1092 229 1124 bendae
252 1092 329 1131 sint,
361 1101 458 1133 saepe
488 1092 520 1122 in
544 1091 648 1122 medio
680 1091 921 1131 relinquendum
953 1094 1009 1122 est.
1053 1091 1226 1132 pleraeque

105 1146 212 1175 autem
229 1146 301 1174 sunt
317 1142 566 1182 antiquissimae,
583 1152 777 1182 quamquam
795 1146 865 1173 sunt
882 1142 987 1182 etiam,
1004 1151 1088 1182 quae
1104 1142 1226 1183 Byzan-

105 1194 178 1225 tinis
201 1194 326 1225 demum
343 1194 561 1234 grammaticis
585 1193 692 1224 deberi
718 1193 864 1225 videntur
887 1192 939 1233 (cf.
957 1193 1132 1225 Wecklein.
1156 1193 1224 1224 loeo

105 1255 178 1276 mox
201 1245 329 1276 citando
353 1255 382 1285 p.
399 1245 484 1286 3511).

189 1296 371 1327 Excitatum
394 1299 441 1327 est
458 1295 595 1326 studium
619 1295 900 1337 interpolationum
917 1295 949 1326 in
965 1295 1120 1336 Euripide
1136 1295 1226 1326 inda-

103 1347 283 1388 gandarum
314 1357 333 1378 a
363 1346 590 1385 Vahkenario,
622 1347 675 1386 qui
708 1347 827 1387 primus
850 1346 882 1377 in
914 1346 1051 1378 editione
1076 1346 1226 1377 Phoenis-

106 1408 212 1430 sarum
237 1397 350 1439 (1755)
375 1398 499 1438 multos⁷
522 1398 553 1428 in
578 1397 718 1429 editione
738 1397 904 1439 Hippolyti
921 1397 1034 1439 (1765)
1058 1397 1227 1429 nonnullos

104 1459 215 1481 versus
246 1449 411 1489 ingeniose
443 1449 475 1479 in
512 1449 726 1489 suspicionem
767 1449 903 1480 vocavit.
958 1452 1054 1489 atque
1086 1450 1226 1480 maxime

103 1504 211 1532 nostra
227 1503 341 1540 aetate,
364 1503 533 1541 postquam
550 1499 639 1531 firma
663 1500 787 1531 critices
802 1500 1000 1541 Euripideae
1016 1499 1226 1531 fundamenta

103 1551 241 1583 editione
257 1551 435 1582 Kirehhoffi
452 1551 561 1592 (1855)
586 1551 671 1582 iacta
695 1554 775 1591 sunt,
799 1551 858 1582 viri
874 1551 959 1582 docti
982 1551 1014 1582 in
1039 1560 1075 1582 eo
1093 1561 1225 1591 operam

103 1605 290 1644 posuerunt,
322 1606 355 1633 ut
386 1612 495 1634 versus
527 1602 650 1643 spurios
685 1603 874 1634 rimarentur
905 1605 1001 1642 atque
1033 1602 1226 1642 detegerent.

103 1663 319 1694 magnumque
348 1663 514 1685 numerum
551 1657 773 1694 expunxerunt
805 1653 943 1685 editores
974 1653 1165 1685 recentiores
1195 1656 1226 1685 et

104 1705 242 1737 maxime
270 1705 398 1744 quidem
421 1704 597 1736 Nauckius.
642 1705 859 1736 disseruerunt
889 1708 994 1736 autem
1019 1704 1058 1736 de
1087 1705 1223 1746 interpo-

104 1755 223 1787 latione
235 1756 410 1796 Euripidea
422 1760 494 1797 post
507 1756 707 1796 Hartungum
722 1756 741 1796 ¹)
755 1759 785 1787 et
798 1755 1030 1787 Firnhaberum
1041 1755 1075 1796 2),
1092 1766 1224 1795 quorum

103 1805 155 1838 ille
178 1806 210 1837 in
233 1806 384 1846 delendis,
407 1806 457 1837 hie
480 1807 512 1837 in
535 1806 743 1838 defendendis
761 1807 904 1838 versibus
929 1806 1055 1837 modum
1077 1807 1224 1846 excessit,

148 1857 310 1889 Oobetus
342 1857 415 1888 Var.
442 1858 527 1889 Lect.
553 1868 582 1898 p.
610 1859 770 1888 562—69
807 1857 868 1899 (ed.
896 1858 934 1889 II.
960 1857 1053 1898 1873)
1084 1860 1114 1889 61
1145 1858 1225 1889 Nov.

206 1908 290 1940 Lect.
313 1919 342 1949 p.
366 1909 544 1939 291—305
574 1907 694 1950 (1858),

193 2001 211 2030 ¹)
232 2000 288 2029 „De
308 2000 448 2034 Euripidis
466 2000 622 2027 fabularum
641 2001 879 2034 interpolation&⁷
900 2009 970 2034 quae
984 2001 1136 2035 disputatio
1150 2009 1226 2035 prae-

104 2042 159 2068 fixa
177 2045 220 2069 est
238 2042 355 2069 editioni
374 2042 536 2076 Iphigeniae
556 2043 722 2069 Aulidensis
741 2052 767 2076 p.
786 2047 864 2069 1-(55.
900 2044 1010 2077 Erlang.
1034 2046 1104 2070 1832

190 2087 212 2117 2)
230 2085 298 2118 „Die
318 2085 584 2119 Verdiiehtigungen
607 2087 733 2120 Enripid.
758 2086 845 2113 Verse
870 2086 1027 2113 beleuehtet
1045 2087 1100 2113 und
1124 2087 1151 2112 in
1171 2087 1224 2113 (1611

104 2127 260 2154 Phonissen
280 2136 305 2154 u.
325 2128 374 2154 der
392 2129 489 2155 Medea
508 2129 776 2162 znriiekgewiesen‘⁴
796 2130 864 2162 Lpz.
886 2131 957 2155 18411.
