1471 2334
1204 121 1242 149 57

126 205 276 246 templum
302 205 417 236 Veneri
447 204 627 235 ‹le‹li‹·atum
661 204 843 245 appellasse
873 200 925 243 ἐφ’
951 201 1154 245 Ἱππολύτῳ.
1211 210 1243 235 at

128 256 290 296 Phaedra,
317 256 343 287 si
375 256 492 296 templo
522 256 568 286 illi
600 256 731 287 Veneris
760 255 928 296 Hippolyti
960 265 1074 286 nomeu
1105 255 1245 296 indebat,

126 317 230 338 noune
254 307 421 338 manifesto
451 306 596 338 omnibus
625 306 814 338 declarabat
845 306 996 337 incestum
1026 316 1087 346 quo
1111 306 1245 337 ardebat

126 369 203 399 erga
235 358 441 399 Hippolytum
475 358 640 389 amorem?
672 357 703 388 id
735 357 862 389 tolerari
893 357 978 388 nullo
1007 360 1101 398 pacto
1134 362 1246 398 potest.

127 420 199 440 nam
225 419 347 440 summo
371 419 466 450 opere
490 409 558 440 eius
581 410 733 440 iuteresse
757 408 909 448 debebat,
932 411 965 439 ut
988 419 1128 439 amorem
1153 419 1243 439 suum

127 460 307 492 occultaret.
359 470 395 491 ac
426 461 566 501 profecto
595 470 666 491 eum
698 469 822 490 summa
853 469 922 490 cum
955 469 1029 490 eura
1053 459 1106 490 diu
1131 460 1246 491 celavit

128 511 179 553 (ef.
202 521 229 544 v.
253 511 327 552 392)
360 515 389 542 ct
421 515 542 542 tantum
577 511 723 552 precihus
751 515 848 550 atque
875 511 998 541 artibus
1021 511 1154 541 nutricis
1178 520 1246 551 per-

129 565 215 594 mota
239 566 296 602 est,
319 566 352 593 ut
376 573 395 593 a
413 563 547 601 silentio,
571 573 632 602 quo
650 572 722 593 eum
745 562 879 593 condere
897 562 1032 601 volebat,
1055 561 1246 593 descisceret

127 614 168 654 (r.
185 615 254 653 271,
278 614 469 654 234—353).
515 613 545 644 id
570 614 698 652 quidem
721 618 838 644 eertum
857 617 913 650 est,
936 613 1089 653 templum
1107 613 1246 653 Veneris,

127 664 211 704 quod
242 664 388 696 Phaedra
411 664 544 696 Athenis
575 664 755 695 condidisse
780 664 1016 704 perhibebatur,
1047 664 1245 705 appellatum

126 725 197 746 esse
220 714 258 747 τὸ
277 711 512 747 ‘inuolutum'
535 720 566 746 et
589 716 681 746 deam
707 716 810 756 ipsam
835 711 1031 757 ,Ἀφροδίτην
1061 715 1115 746 ἐπὶ
1137 712 1245 747 (Ιππο-

129 765 220 808 λύτῳ
251 767 301 798 vel
325 764 560 798 ‘luxerint-fluv
587 766 638 807 (cf.
666 767 846 807 Asclepiad.
874 776 924 808 ap.
953 766 1047 797 schol.
1076 767 1166 797 Hom.
1190 766 1247 798 Od.

128 820 145 848 λ
170 820 247 857 311.,
278 818 372 849 schol.
404 818 444 849 ad
475 818 603 858 Hippol.
627 828 654 849 v.
678 819 740 855 29„
768 818 895 849 Diodor.
920 818 971 858 IV,
996 819 1044 858 62,
1077 819 1181 849 'l'zetz.
1205 818 1246 848 ad

130 868 284 910 Lycophr.
308 871 378 910 610,
406 869 496 910 Corp.
520 869 665 910 Inseript.
689 869 819 900 Atticar.
843 870 866 909 I,
889 880 932 899 nr.
957 870 1035 909 212„
1060 869 1092 900 U.
1117 868 1248 900 Wachs-

129 919 224 959 muth,
248 920 300 951 die
317 920 409 951 Stadt
426 920 530 951 Athen
547 920 589 951 im
606 920 784 951 Alterthum
803 921 816 951 Ι
840 930 869 960 p.
886 922 946 951 373
960 930 1036 960 sqq„
1060 920 1093 950 R.
1111 920 1247 961 Schoell,

128 971 198 1002 Jen.
215 971 357 1012 Lit.-Ztg.
384 972 462 1001 1875
486 972 617 1012 11659).
662 971 718 1002 sed
742 981 781 1002 ex
805 971 967 1012 Euripidis
990 971 1148 1002 sententia
1172 975 1248 1002 tem-

129 1022 215 1063 plum
247 1026 311 1053 tum
343 1022 468 1053 demum
500 1022 544 1053 ita
572 1022 769 1053 nominatum
798 1032 869 1053 esse
893 1026 1032 1063 poterat,
1063 1032 1133 1053 cnm
1165 1026 1249 1053 totus

129 1083 218 1104 amor
250 1073 417 1104 Phaedrae
449 1073 606 1113 simulque
641 1083 752 1113 causa,
785 1073 824 1103 ol)
857 1083 953 1113 quam
984 1072 1062 1104 illud
1094 1074 1246 1114 templum

131 1124 245 1155 Veneri
269 1124 463 1157 dedicasset.
488 1125 571 1156 clare
596 1124 637 1155 ab
661 1124 807 1155 omnihus
831 1125 1064 1165 perspiceretur
1087 1124 1105 1156 i.
1129 1134 1155 1156 e.
1178 1127 1249 1165 post

130 1179 261 1207 mortem
294 1175 461 1207 Phaedrae
493 1179 524 1207 et
556 1175 733 1216 Hippolyti.
789 1185 883 1206 sensu
919 1185 1044 1207 cassum
1068 1175 1164 1215 igitur
1191 1175 1249 1207 hoc

128 1226 197 1257 loco
234 1230 281 1258 est
319 1222 498 1267 (ὀιίἰμιαζει).
558 1226 709 1257 intactum
745 1230 851 1257 autem
884 1226 1065 1266 relinquunt
1099 1226 1248 1257 traditam

129 1278 318 1319 scripturam
336 1288 445 1309 omnes
461 1278 526 1309 fere
541 1277 680 1309 editores
702 1281 799 1317 atque
822 1278 919 1309 etiam
937 1277 1109 1317 Nauekius,
1133 1277 1249 1309 diserte

129 1332 255 1360 tuentur
278 1329 426 1360 Monkius
450 1332 480 1360 et
504 1328 712 1367 Matthiaeus,
742 1329 797 1360 sed
829 1329 955 1360 frustra.
1005 1338 1108 1369 neque
1132 1328 1250 1360 suffieit

128 1380 268 1411 Meineki
294 1380 476 1411 coniectura
499 1375 685 1420 ὠνόμαζον.
730 1390 833 1420 neque
857 1390 941 1420 quae
965 1380 1165 1411 coniecerunt
1188 1380 1250 1411 Ior—

129 1431 213 1462 tinus
244 1434 274 1463 et
299 1431 544 1471 Valckenarius,
579 1426 800 1472 dvngu'morotz·
831 1431 997 1472 probatum
1029 1441 1111 1462 nunc
1141 1430 1250 1462 Kirelr

130 1481 223 1513 hoffio
247 1486 278 1514 et
311 1479 527 1524 ὑμνήσουσιν,
558 1492 614 1522 pro
647 1483 739 1514 certis
771 1476 918 1514 habenda
950 1486 1029 1513 sunt.
1082 1482 1113 1512 id
1144 1486 1249 1513 autem

130 1536 247 1564 eertum
271 1533 407 1574 videtur,
435 1529 608 1574 ὠνόμαζεν
638 1544 700 1564 non
729 1533 903 1574 profectum
928 1543 998 1565 esse
1023 1533 1064 1564 ab
1088 1533 1250 1574 Euripide.

129 1584 183 1615 scd
216 1584 242 1615 si
267 1584 307 1615 ab
331 1594 367 1616 eo
391 1585 530 1616 futurum
555 1585 689 1616 alicuius
720 1585 808 1616 verbi
833 1584 883 1615 hic
906 1585 1043 1625 posit-um
1069 1594 1138 1615 esse
1162 1588 1250 1625 puta-

129 1645 215 1674 muS,
246 1638 369 1667 tantum
401 1636 490 1667 abest
522 1639 555 1666 ut
584 1645 694 1666 omnes
725 1636 914 1667 offensiones
946 1636 1114 1674 tollantur,
1146 1638 1179 1666 ut
1213 1645 1249 1666 eo

130 1685 199 1726 ipso
227 1686 384 1717 exsistant
414 1696 525 1718 novae.
583 1687 699 1718 etenim
738 1696 807 1717 cum
838 1697 865 1718 v.
890 1688 1022 1717 23—40
1074 1687 1179 1718 Venus
1211 1696 1249 1717 ex

130 1737 240 1768 ordine
262 1740 377 1775 narret,
401 1737 559 1776 quomodo
576 1737 744 1769 Phaedrae
768 1738 800 1768 in
819 1737 1027 1779 Hippolytum
1052 1748 1140 1769 amor
1164 1742 1249 1769 ortus

131 1792 162 1819 et
193 1788 296 1828 magis
327 1788 492 1829 magisque
523 1792 633 1819 auctus
665 1788 718 1827 sit,
743 1798 820 1820 sane
844 1788 957 1820 mirum
981 1792 1045 1828 est,
1074 1789 1100 1819 si
1130 1788 1162 1819 in
1191 1788 1249 1820 hac

131 1839 314 1870 narratione
331 1842 565 1878 commemorat,
589 1839 673 1879 quod
698 1849 811 1871 nomen
831 1840 984 1880 templum
1000 1840 1040 1871 ab
1058 1850 1096 1871 ea
1113 1844 1249 1871 exstrue-

131 1893 195 1921 tum
225 1889 405 1921 habiturum
437 1890 485 1921 sit.
538 1899 611 1920 nam
644 1889 722 1921 haec
752 1900 802 1922 res
834 1900 935 1930 neque
966 1891 1006 1922 ad
1043 1891 1248 1931 praeteritum

131 1944 186 1972 aut
209 1951 361 1982 praesens
377 1944 503 1981 tempus
524 1944 654 1982 spectat,
678 1944 711 1972 ut
733 1937 908 1982 κατέσχετο
927 1952 954 1973 v.
971 1944 1018 1981 27,
1043 1941 1247 1983 ἑγκαθίσατο

131 2002 159 2023 v.
183 1993 230 2031 31,
255 1987 442 2023 ἀπόλλυται
466 2002 493 2023 v.
518 1994 566 2031 39,
590 1992 646 2023 sed
670 1992 711 2022 ad
735 1992 882 2031 futurum,
905 2002 1008 2033 neque
1032 1993 1073 2024 ad
1097 1993 1139 2033 id,
1165 1993 1249 2032 quod

132 2043 238 2074 Venus
261 2043 480 2074 demonstrare
504 2043 579 2077 vult,
602 2047 649 2074 est
666 2043 760 2074 ullius
783 2044 942 2076 momenti.
986 2054 1023 2075 eo
1047 2043 1151 2074 minus
1172 2047 1250 2085 apta

131 2097 204 2124 sunt
228 2093 305 2125 haec
331 2093 434 2133 verba,
458 2094 540 2133 quod
565 2094 611 2125 eis
637 2094 743 2125 Venus
767 2095 956 2135 Hippolyto,
980 2095 1032 2135 qui
1057 2095 1085 2126 ei
1111 2095 1249 2126 maxime
