1471 2334
130 325 231 348 v.1419

132 788 157 806 V.
172 782 233 805 1019

132 1954 157 1971 v.
171 1948 233 1971 10211

271 130 307 158 12

267 223 295 244 v.
321 214 410 253 1031,
438 215 528 253 1075,
556 214 647 253 1191,
671 214 755 253 quod
779 224 839 244 non
863 217 965 254 potest
988 224 1048 244 non
1073 214 1191 245 factum
1216 224 1285 246 esse
1309 224 1378 246 000-

267 263 365 303 sulto,
390 263 515 294 videtur
538 266 643 295 autem
668 263 772 295 adhue
795 264 912 304 fugisse
935 265 1133 305 interpretes,

353 314 411 345 His
447 314 723 354 similitudinibus,
754 325 836 354 quae
867 325 929 346 non
961 315 1134 355 offendunt,
1170 316 1378 347 adnumerare

268 375 330 396 non
354 365 462 396 dubito
486 375 566 405 eam,
589 376 672 405 quae
696 366 861 397 intercedit
883 366 963 397 inter

268 425 295 447 V.
323 417 401 446 1419
470 417 526 457 σῆς
548 412 710 454 εὐσεβείας
733 412 883 458 κάγαθῆς
907 413 1026 458 φρενὸς
1049 415 1145 458 χάριν

267 469 298 497 01
321 468 447 498 v.1454
471 463 552 507 ὤμοι
577 465 697 508 φρενὸς
721 468 779 508 σῆς
803 463 955 505 ξίσεβοῦς
977 480 1010 498 τε
1036 463 1197 509 κάγαθῆς,

267 517 326 548 etsi
350 517 485 558 priorem
511 521 543 548 ut
567 517 731 549 confictum
755 528 772 549 e
789 528 816 549 V.
832 520 909 548 1454
926 521 1109 559 suspectum
1125 518 1235 550 habuit
1247 518 1380 550 Valcke-

268 568 376 599 narius
399 571 430 600 et
454 568 558 600 delent
581 568 771 609 Dindorfius,
794 569 972 608 Nauckius„
1003 569 1216 600 Kirchhoffius
1239 569 1302 610 (ed.
1326 569 1380 610 II).

268 629 341 650 nam
372 629 473 659 neque
503 619 676 651 similitudo
701 623 749 651 est
771 620 893 659 gravis,
925 629 1026 660 neque
1050 620 1137 651 aliud
1161 623 1379 660 argumentum

268 670 398 701 accedit.
454 674 590 701 ceterum
622 674 754 710 uterque
782 671 897 711 legitur
926 671 958 701 in
990 670 1114 702 Christo
1138 671 1297 711 patiente,
1327 671 1380 701 ille

268 731 295 753 v.
320 722 388 761 822,
412 722 568 762 posterior
590 732 618 753 v.
639 722 707 760 801,
731 731 924 761 quamquam
947 721 1005 752 hoc
1028 722 1096 753 leve
1119 725 1175 753 est.

355 771 493 803 offendit
517 775 622 803 autem
647 772 730 811 quod
754 783 782 803 v.
806 773 865 802 898

469 822 568 864 ξένην
591 818 642 853 ἐπ)
666 820 741 853 αἶαν
766 819 896 863 λυπρὸν
920 818 1073 863 ἀντλήσει
1097 823 1172 860 βίον

267 883 331 903 una
361 873 467 904 littera
498 873 609 904 addita
637 870 836 914 ((Ξντλήσεις)
865 873 977 913 legitur
1000 873 1097 904 etiam
1122 883 1148 905 v.
1175 874 1262 904 1049.
1307 882 1381 913 qua-

268 924 407 955 mobrem
432 924 513 955 huuc
536 924 689 964 expunxit
701 924 866 964 Bergkius.
910 924 936 955 si
960 924 1052 955 inodo
1075 924 1244 964 Euripides
1265 926 1380 954 utrum-

268 984 329 1014 que
352 985 477 1006 versum
502 974 645 1015 scripsit,
669 975 809 1005 consulto
833 985 904 1006 eum
928 975 1040 1006 eadem
1064 975 1162 1006 verba
1186 974 1309 1006 Theseo
1332 974 1362 1006 bi

267 1025 417 1056 tribuisse
440 1035 625 1056 censeamus
650 1035 778 1057 necesse
807 1029 863 1057 est.
907 1026 995 1066 atqui
1023 1035 1125 1066 neque
1152 1026 1314 1057 auditores
1337 1025 1369 1056 in

268 1077 428 1108 tellexisse
444 1077 577 1117 putandi
595 1080 675 1117 suut,
691 1077 851 1116 quodnam
868 1077 1033 1108 consilium
1050 1079 1174 1108 secutus
1190 1076 1247 1107 hoc
1262 1076 1376 1116 fecerit

268 1137 370 1167 neque
400 1138 456 1158 nos
486 1128 583 1158 ullam
615 1137 743 1158 causam
769 1127 965 1168 repetitionis
988 1127 1174 1159 invenimus.
1218 1130 1266 1159 est
1287 1127 1378 1167 igitur*

269 1178 353 1218 quod
376 1178 476 1209 altero
500 1178 569 1209 1000
592 1188 716 1209 versum
742 1178 967 1218 interpolatum
983 1188 1053 1209 esse
1069 1178 1272 1218 suspicemur.
1316 1178 1371 1208 ian

268 1232 339 1269 post
363 1239 391 1260 v.
416 1230 474 1259 897
500 1229 626 1268 quidem
651 1229 748 1260 verba
775 1229 872 1270 ξένην
896 1225 948 1260 ἐπ)
971 1226 1048 1259 αἶαν
1071 1227 1201 1270 λυπρὸν
1225 1224 1376 1269 ἀντλήσει

268 1280 343 1317 βίον
368 1283 439 1310 sunt
463 1280 653 1311 necessaria.
698 1279 796 1310 altero
820 1283 925 1310 autem
949 1280 1016 1310 1000
1041 1289 1133 1310 versu
1158 1282 1235 1309 1⁰49
1253 1279 1378 1310 omnino

268 1340 436 1370 possumus
459 1340 575 1361 carere.
620 1330 661 1360 ad
685 1325 858 1371 ἀλητεύων
882 1330 965 1361 enim
990 1340 1029 1361 ex
1052 1329 1311 1361 antecedentibus
1334 1329 1376 1361 fa>

269 1381 385 1412 01111010
418 1381 581 1421 suppletur
614 1384 719 1411 θανεῐ.
773 1381 857 1420 quod
888 1390 924 1412 00
959 1381 1065 1421 aptius
1098 1383 1160 1420 est,
1194 1381 1276 1420 quod
1309 1390 1377 1410 eum

269 1434 364 1462 antea
388 1431 503 1462 dictum
528 1432 568 1462 sit
591 1427 650 1472 οὐχ
674 1428 763 1462 offro)
787 1434 901 1469 fravas,
935 1428 1044 1472 ὥσπερ
1077 1429 1116 1462 σὺ
1149 1432 1260 1472 σαυτῷ
1282 1428 1376 1461 τόνδε

268 1480 467 1523 προύθηκας
491 1480 613 1522 νόμον,
637 1482 851 1521 desideratur,
876 1485 909 1512 ut
933 1486 1084 1521 sequatur
1108 1481 1185 1513 haee
1208 1481 1378 1513 sententia:

272 1533 344 1571 „sed
368 1537 426 1564 allo
450 1533 544 1563 modo
568 1535 744 1571 morieris“,
771 1543 833 1563 non
862 1532 936 1572 „sed
960 1533 992 1563 in
1015 1532 1127 1563 exsilio
1151 1532 1264 1564 misere
1286 1531 1381 1563 vives“

268 1578 453 1625 (ἀντλήσεις
475 1583 572 1624 βίον).
617 1587 714 1623 atque
744 1583 831 1623 origo
863 1583 1115 1623 interpolationis
1146 1583 1238 1614 facile
1268 1592 1304 1613 eo
1328 1592 1379 1613 ex-

270 1634 412 1674 plicatur,
433 1634 515 1673 quod
532 1634 757 1674 grammaticus
775 1634 823 1664 vel
840 1633 988 1664 librarius
1004 1633 1046 1664 ad
1063 1629 1234 1675 ἀλητεύων
1250 1633 1378 1664 verbum

270 1684 389 1716 finitum
414 1685 609 1725 desiderans,
633 1694 757 1715 versum
780 1694 797 1715 e
818 1695 845 1715 v.
863 1685 922 1715 898
939 1687 1097 1725 sumptum
1114 1684 1253 1715 inseruit.
1297 1685 1380 1715 recte

270 1735 366 1775 igitur
382 1735 547 1767 Nauckius
564 1735 649 1777 (Eur.
662 1735 742 1766 stud.
754 1735 793 1776 ΙΙ,
813 1734 875 1776 41),
890 1734 1111 1774 Kirehhoffius,
1126 1734 1262 1766 Weilius
1278 1734 1381 1765 delent

270 1796 332 1816 non
361 1786 459 1817 solum
485 1797 512 1817 v.
540 1788 632 1826 1050,
660 1795 753 1825 quem
784 1785 995 1817 adulterinum
1020 1795 1090 1817 esse
1117 1795 1213 1826 supra
1235 1784 1381 1823 vidimus,

270 1836 326 1867 sed
349 1836 445 1868 etiam
471 1847 499 1869 v.
524 1838 612 1868 1049.
657 1839 791 1867 ceterum
815 1836 972 1867 Hirzelius
995 1846 1024 1877 p.
1040 1837 1078 1867 82
1102 1835 1159 1867 hoe
1182 1835 1379 1876 comprobari

270 1890 362 1927 putat
385 1887 481 1918 etiam
505 1890 670 1927 perspecto
695 1887 830 1919 diverbii
854 1887 971 1918 ordine.

354 1948 382 1968 v.
409 1939 487 1967 1029
558 1935 677 1974 ἄπολις
700 1933 823 1974 ἄοικος,
847 1934 950 1978 φυγὰς
975 1932 1144 1979 ἀλητεύων
1167 1934 1288 1977 χθόνα,

270 1988 404 2019 similem
440 1988 544 2019 versui
580 1989 660 2019 1048
695 1983 766 2018 ἀλλ’
801 1987 837 2018 ἑκ
870 1986 1027 2029 πατρῴας
1065 1985 1169 2028 φυγὰς
1207 1983 1380 2028 ἀλητεύων

268 2036 403 2078 χθονός,
435 2038 544 2069 reiecit
585 2038 824 2069 Valckenarius.
869 2038 952 2077 quod
984 2038 1137 2069 omittitur
1178 2038 1211 2068 in
1254 2037 1381 2068 Christo

270 2089 411 2128 patiente
434 2092 465 2120 et
488 2089 571 2128 quod
594 2087 703 2129 χθόνα
726 2092 774 2120 est
798 2089 954 2129 ineptum,
984 2092 1031 2120 est
1056 2088 1157 2119 levius
1180 2088 1231 2128 (cf.
1254 2087 1381 2120 Kirehh.
