1471 2334
214 150 251 178 10

212 243 239 263 v.
255 233 310 262 691
339 233 474 263 omissus
497 236 544 263 est
566 233 597 263 in
617 232 713 263 Paris.
738 233 762 263 Ε
787 242 806 262 a
828 232 966 272 librario,
991 233 1142 264 facillime
1165 243 1202 264 eo
1226 234 1322 274 expli-

212 287 309 323 catur,
332 283 415 322 quod
439 293 495 324 per
517 282 765 323 epanaphoram,
789 293 883 323 quam
906 284 1035 324 saepius
1051 284 1221 325 Euripides
1236 294 1323 315 usur-

210 333 316 375 pat,¹)
347 334 457 365 eodem
487 334 582 365 verbo
614 333 707 374 (ἐρεῖ)
739 334 850 374 incipit
874 338 969 375 atque
992 345 1102 366 versus
1125 335 1324 366 antecedens.

210 394 312 424 neque
335 395 374 416 ex
398 385 599 426 symmetrica
622 386 743 416 ratione
767 395 838 415 eum
863 386 1003 425 spurium
1027 395 1097 417 esse
1113 385 1194 417 effici
1210 388 1322 426 potest.

211 436 247 468 cf.
264 436 379 468 Hirzel.
394 447 423 476 p.
443 438 478 465 10
496 439 527 467 et
544 436 635 467 Weil.
652 436 693 466 ad
710 446 737 467 v.
755 437 824 466 730.
867 431 941 467 nam
966 436 1025 467 etsi
1047 447 1109 467 non
1130 436 1323 477 negaverim,

211 487 343 518 consilio
385 498 405 518 a
442 492 537 528 poeta
576 487 752 518 institutum
791 497 877 527 esse,
920 491 953 518 ut
990 497 1138 519 numerus
1175 497 1320 519 versuum

211 539 386 578 695—701,
411 540 565 578 706—12,
591 539 730 568 715—21
759 538 798 569 sit
821 539 1028 578 septenarius,
1052 548 1199 570 versuum
1217 539 1276 568 702
1291 548 1323 579 s.,

211 590 270 619 704
295 598 333 628 s.‚
364 590 423 618 713
447 599 470 620 s.
493 589 643 628 binarius,
668 593 774 620 tamen
797 592 830 619 ut
853 592 976 629 putem,
1001 589 1032 620 in
1056 599 1199 620 sermone
1222 589 1322 620 Phae-

209 639 285 670 drae
308 649 335 670 v.
353 640 497 669 682—94
527 639 744 679 componendo
767 639 950 680 Euripidem
980 640 1201 679 aequabilitati
1226 649 1321 671 mem-

210 690 334 720 brorum
359 690 526 731 studuisse,
549 700 568 721 a
592 700 642 721 me
664 690 836 731 impetrare
858 700 920 721 non
944 700 1081 731 possum.

729 791 748 833 ξ
773 793 799 822 3.

293 851 431 882 Veniant
453 861 535 882 nunc
558 851 590 881 in
614 860 740 882 censum
765 851 793 882 ei
817 860 936 891 versus,
962 851 1015 890 qui
1039 850 1078 881 ob
1102 850 1319 891 repetitionem

209 902 345 942 suspecti
375 905 455 932 sunt.
508 902 563 932 sed
596 905 627 932 ut
659 902 711 932 via
743 911 781 932 ac
812 902 934 933 ratione
965 901 1116 942 procedat
1140 901 1321 942 disputatio,

208 961 312 993 pauca
335 952 365 983 in
390 953 570 983 universum
594 952 633 983 de
657 952 715 983 hoc
738 962 853 992 genere
876 953 1011 984 dicenda
1035 952 1227 993 vidcnturss)

293 1004 488 1044 Repetuntnr
518 1003 549 1033 in
588 1003 705 1034 fabulis
742 1003 922 1044 Euripideis
958 1004 1087 1044 saepius
1121 1013 1231 1034 versus
1265 1006 1320 1034 aut

208 1064 335 1094 prorsus
358 1054 478 1085 eisdem
504 1057 558 1085 aut
581 1054 736 1085 similibus
759 1054 872 1085 verbis.
916 1063 973 1085 nec
996 1064 1071 1085 vero
1096 1054 1256 1095 putandus
1272 1057 1319 1085 est

208 1108 301 1146 poeta
324 1105 406 1136 hunc
429 1105 478 1135 vel
502 1105 589 1135 illum
614 1115 738 1136 versum
763 1105 801 1136 de
826 1115 859 1136 se
882 1105 951 1146 ipso
974 1108 1142 1146 propterea
1157 1107 1319 1136 mutuatus

206 1166 290 1196 csse,
322 1156 405 1195 quod
434 1165 549 1187 novum
579 1156 696 1195 fingere
718 1159 773 1187 aut
796 1166 858 1187 non
881 1159 989 1196 posset
1012 1160 1067 1187 aut
1090 1159 1218 1197 propter
1240 1155 1318 1187 iner-

206 1207 285 1238 tiam
309 1207 413 1238 nollet.
459 1207 515 1238 sed
538 1206 655 1247 duplici
679 1207 772 1237 niodo
797 1216 906 1238 versus
930 1207 1079 1248 repetitos
1095 1216 1165 1238 esse
1181 1209 1317 1238 statuen-

206 1258 280 1289 dum
305 1262 360 1299 est,
383 1264 436 1289 aut
458 1261 544 1289 certa
567 1257 690 1288 ratione
706 1261 736 1288 et
753 1257 883 1288 consilio
900 1258 1074 1298 perspicuo,
1098 1258 1142 1289 ita
1166 1261 1198 1288 ut
1221 1260 1316 1298 poeta

207 1309 424 1350 repetitionem
449 1308 487 1340 ab
512 1308 706 1339 auditoribus
730 1308 779 1339 vel
803 1308 971 1339 lectoribus
987 1309 1199 1340 animadverti
1215 1309 1317 1350 vellet,

206 1366 257 1391 (ml
281 1370 356 1391 casu
383 1364 479 1399 atque
502 1360 645 1397 fortuito,
674 1359 718 1389 ita
749 1362 782 1389 ut
812 1359 929 1390 inscius
960 1360 991 1390 in
1023 1359 1135 1391 eadem
1164 1359 1316 1390 incideret

207 1411 320 1451 verba,
347 1411 429 1450 quod
461 1410 527 1441 fere
556 1409 588 1441 fit
611 1411 642 1440 in
666 1410 831 1441 sententiis
855 1410 1038 1450 vulgaribus
1062 1413 1158 1449 atque
1181 1409 1317 1449 usitatis,

206 1471 288 1501 quae
322 1465 355 1492 ut
390 1462 518 1501 saepius
548 1461 745 1500 adhibentur,
774 1461 818 1492 ita
846 1470 948 1501 paene
982 1461 1159 1492 necessario
1193 1460 1314 1492 eisdem

206 1513 375 1543 efferuntur
406 1512 519 1543 verbis.
571 1521 669 1551 quare
699 1512 726 1542 si
756 1521 860 1551 neque
883 1512 1046 1543 consilium
1070 1514 1184 1552 poetae
1207 1514 1316 1552 aperte

205 1562 401 1603 perspicitur,
431 1572 533 1602 neque
564 1562 709 1603 repetitio
732 1562 764 1592 in
788 1566 873 1593 certa
899 1562 1026 1594 dicendi
1053 1562 1188 1593 formula
1211 1562 1260 1593 vel
1283 1562 1315 1593 in

206 1614 280 1644 trita
310 1613 468 1644 sententia
499 1613 644 1652 occurrit,
677 1613 743 1644 iure
767 1612 864 1643 oritur
887 1613 1140 1653 interpolationis
1170 1612 1316 1653 suspicio„

205 1673 416 1704 quamquam,
446 1664 506 1694 nisi
537 1664 602 1694 alia
632 1667 821 1703 argumenta
844 1666 1012 1702 accedunt,
1035 1663 1103 1694 sola
1127 1662 1314 1704 repetitione

205 1715 390 1755 plerumque
413 1725 475 1745 non
498 1714 648 1746 debemus
672 1714 808 1753 moveri,
838 1717 871 1745 ut
894 1724 1019 1745 versum
1042 1714 1202 1745 eiciamus.
1246 1723 1316 1744 con-

204 1765 285 1796 sulto
303 1768 409 1797 autem
426 1768 522 1805 atque
538 1765 591 1806 ita,
614 1768 647 1796 ut
664 1765 771 1796 statim
791 1765 1072 1805 animadvertatur,
1095 1764 1314 1805 repetitionem

291 1867 309 1899 ¹)
328 1866 453 1899 exempla
477 1865 587 1898 adpono
609 1865 688 1891 haec:
711 1865 848 1892 Heraclid.
869 1868 915 1891 765
927 1873 957 1898 s.,
980 1864 1076 1898 Suppl.
1096 1868 1143 1891 539
1155 1873 1184 1898 s.,
1212 1866 1274 1891 1139
1285 1872 1314 1897 s.‚

204 1908 286 1941 Hipp.
305 1910 353 1934 453
365 1916 394 1939 s.,
413 1910 461 1934 462
472 1916 517 1939 ss.,
536 1907 599 1940 frgt.
623 1910 683 1933 1045
695 1908 726 1934 N.

288 1952 310 1982 2)
329 1950 543 1983 disputaverunt
567 1950 600 1976 de
625 1950 674 1975 hae
693 1957 721 1975 re
747 1953 810 1982 post
835 1950 1032 1976 Firnhaberum
1056 1950 1085 1976 P.
1106 1950 1239 1976 Wesener
1263 1949 1314 1982 „de

203 1992 367 2026 repetitione
380 2000 509 2018 versuum
523 1992 550 2017 in
570 1992 672 2018 sabulis
685 1992 861 2025 Euripideis“
875 1992 941 2018 diss.
960 1992 1047 2017 Bonn.
1068 1994 1127 2017 {suo
1147 1994 1174 2018 et
1186 1992 1215 2017 P.
1229 1991 1312 2024 Trep-

203 2035 239 2060 lin
263 2035 314 2067 „de
339 2035 462 2068 repetitis
490 2034 565 2067 apud
590 2034 748 2066 Euripidem
773 2034 918 2060 versibus⁴‘
948 2042 1040 2067 progr.
1064 2041 1158 2066 gymn.
1183 2033 1313 2059 Schrimm

207 2078 280 2108 1566,
311 2076 358 2101 ille
386 2075 578 2109 probabiliter,
608 2075 651 2101 hie
677 2075 715 2101 ita
746 2078 776 2101 ut
802 2076 860 2102 eius
888 2076 982 2109 opinio
1012 2082 1095 2108 saepe
1123 2075 1233 2108 probari
1260 2082 1313 2100 non

203 2119 301 2151 possit.
