1471 2334
203 138 242 168 32

203 220 296 251 niodo
322 221 446 259 signum
471 221 638 262 Hippolyti
664 221 825 261 impetrari
850 226 964 261 posset.
1009 225 1076 252 erat
1099 222 1182 252 enim
1207 222 1317 253 sacilli—

203 282 304 311 nium,
337 271 478 311 aliquam
512 282 577 303 rem
602 272 756 312 obtinere,
787 282 882 312 quarn
906 276 1049 312 gesserat
1072 272 1260 304 adulescens
1283 272 1315 303 in

203 322 316 354 eadem
342 322 433 353 domo
458 322 616 354 habitans.

288 373 350 404 Sed
376 383 402 403 v.
427 375 486 403 516
522 373 640 414 optime
674 373 833 413 quadrare
869 373 991 404 videtur
1025 374 1066 404 ad
1091 384 1140 405 vv.
1164 375 1318 406 513—15.

203 424 318 454 etenim
342 423 506 463 Phaedra,
544 433 626 463 quae
658 424 745 464 prius
768 423 932 454 eonsilium
964 425 1094 455 nutricis
1117 424 1318 456 vehementer

204 473 450 514 reprehenderat
474 485 502 506 v.
525 475 603 514 498,
640 484 722 505 nune
756 474 833 505 nihil
866 474 970 506 obicit.
1014 475 1127 515 probat
1149 475 1244 515 igitur
1267 485 1319 506 no-

204 535 277 555 vum
315 525 492 557 consilium.
549 535 652 565 neque
685 525 725 557 de
756 525 854 565 signis
891 526 1065 565 quidquam
1102 525 1198 557 habet
1236 526 1318 565 quod

205 575 312 606 addat.
358 576 413 607 sed
437 579 545 607 tamen
563 579 696 616 veretur,
720 586 758 607 ne
781 577 886 607 nutrix
910 576 1061 607 simulata
1086 580 1190 607 mente
1212 577 1318 607 locuta

204 627 253 658 sit.
297 627 404 665 itaque
428 627 552 666 quaerit
574 624 701 667 ym'raepa
733 627 767 658 δὲ
788 625 923 668 χριστὸν
947 623 966 668 ἢ
993 623 1106 658 ποτὸν
1128 623 1167 658 τὸ
1191 623 1318 668 φάρμα-

204 688 284 713 κοι’,·
329 687 389 707 non
415 687 475 716 quo
500 677 531 708 id
554 677 656 717 ipsum
683 678 749 708 eius
782 678 920 718 intersit,
947 688 1022 708 num
1047 675 1234 718 φάρμακον,
1257 688 1318 717 quo

207 727 398 768 Hippolytus
422 728 591 768 defigatur,
623 729 663 759 sit
685 726 823 769 χριστόν
846 739 888 760 an
911 726 1030 766 ποτόν,
1063 729 1118 759 sed
1143 732 1175 759 ut
1207 738 1318 768 eogno-

205 782 286 818 seat⁷
310 788 383 809 num
408 779 511 809 nutrix
537 779 575 810 de
600 789 673 810 vero
697 777 861 820 φαρμάκῳ
883 779 1005 819 cogitet.
1050 779 1231 810 Nauekium
1255 779 1320 818 qui-

205 829 276 859 dem
302 832 333 860 et
350 829 523 860 Hirzelium
548 840 577 870 p.
595 831 632 860 35
658 830 689 860 id
712 830 816 870 ipsum
841 829 981 869 offendit,
1004 829 1087 869 quod
1112 830 1227 869 nutrix,
1250 839 1319 860 eum

205 890 255 911 vv.
279 881 423 910 513—15
450 881 550 911 multa
575 881 614 911 sit
638 880 677 911 de
701 880 808 920 signis⁷
832 891 859 911 v.
877 883 935 911 517
961 880 1011 911 vel
1035 880 1198 920 quaerenti
1221 879 1319 911 Phae-

205 931 284 961 drae
308 930 347 961 de
371 930 542 970 pharmaco
567 941 750 971 responsum
776 934 906 962 recuset.
951 934 983 962 at
999 931 1135 971 primum
1152 936 1266 972 σημεῖα
1289 933 1320 961 et

205 979 382 1022 φάρμακον
406 992 468 1011 non
492 981 574 1012 idem
600 986 686 1020 sunt,
716 982 771 1012 sed
795 982 851 1012 illa
875 986 947 1012 sunt
972 991 1046 1022 pars
1071 981 1170 1021 huius,
1193 977 1319 1022 φάρμα-

206 1043 268 1062 κον
294 1035 399 1063 autem
424 1032 580 1072 signifieat
604 1032 668 1064 h.1.
691 1033 794 1073 ipsum
819 1037 926 1073 potum
951 1032 1000 1063 vel
1019 1035 1211 1072 unguentum
1235 1042 1321 1062 atna-

204 1083 319 1113 toriiYim
354 1092 370 1113 e
401 1082 527 1123 philtris
565 1086 594 1113 et
631 1093 648 1114 e
687 1083 785 1122 signis
815 1086 971 1124 paratum.
1016 1082 1131 1114 deinde
1154 1092 1194 1113 ne
1217 1085 1320 1123 potest

205 1133 333 1172 quidem
357 1133 462 1164 nutrix
479 1133 647 1164 Phaedrae
672 1138 790 1165 eertum
814 1144 1000 1174 responsum
1017 1133 1103 1173 dare,
1127 1133 1185 1164 nisi
1204 1133 1319 1164 diserte

206 1184 272 1214 vult
295 1184 427 1215 mentiri.
472 1193 546 1214 nain
571 1184 596 1214 si
620 1184 785 1224 fateretur,
819 1184 857 1215 de
888 1194 962 1215 vero
993 1183 1164 1224 pharmaco
1195 1193 1228 1214 se
1258 1193 1319 1214 non

207 1234 353 1274 cogitare,
375 1231 480 1265 'omnis
504 1235 572 1265 eius
594 1234 787 1265 machinatio
811 1238 984 1266 eonrueret.
1036 1235 1144 1274 itaque
1167 1235 1319 1274 optimum

206 1288 305 1325 putat,
328 1285 477 1325 ambigue
500 1285 595 1324 loqui.

291 1335 325 1366 Si
357 1335 436 1366 haee
469 1338 552 1366 reete
583 1335 746 1376 disputata
777 1339 862 1375 sunt,
902 1335 1028 1366 Naueki
1059 1335 1234 1375 sententia,
1271 1345 1321 1367 vv.

206 1388 350 1416 513—15
376 1396 446 1417 esse
470 1386 694 1427 interpolatos,
718 1386 814 1417 valde
838 1386 1020 1417 infirmatur.
1065 1389 1230 1417 remanent
1253 1388 1319 1417 tan—

205 1441 270 1468 tuni
301 1446 358 1468 eae
387 1436 606 1477 difficultates,
640 1446 722 1476 quae
753 1437 876 1477 positae
908 1440 978 1467 sunt
1007 1447 1068 1467 non
1100 1436 1131 1467 in
1156 1436 1321 1476 sententia,

205 1488 261 1519 sed
293 1488 324 1518 in
356 1487 467 1518 verbis.
520 1497 602 1527 quae
634 1487 719 1518 haud
753 1487 818 1518 seio
852 1497 894 1518 an
923 1488 1046 1528 possint
1084 1487 1229 1518 excusari
1269 1487 1318 1518 vel

205 1538 430 1569 emendatione
465 1538 626 1569 removeri.
680 1535 782 1579 λόγον
815 1538 898 1569 enim
932 1538 1082 1569 Reiskius
1115 1537 1320 1578 probabiliter

207 1589 340 1620 mutavit
377 1589 407 1619 in
440 1584 589 1625 πλόκον,-
623 1586 837 1629 ποθοῦμενος
868 1589 926 1619 etsi
955 1589 1042 1629 apud
1073 1589 1208 1628 tragicos
1239 1588 1320 1619 alias

206 1649 267 1670 nou
299 1640 433 1670 oeeurrit
460 1650 516 1680 pro
543 1642 700 1679 „a.n1ato“,
724 1644 830 1670 tamen
853 1639 981 1670 tolerari
1005 1649 1098 1679 posse
1122 1638 1245 1670 videtur
1268 1638 1320 1679 (es.

207 1690 338 1721 Theocr.
365 1692 408 1729 12,
433 1690 479 1731 2);
517 1700 572 1731 pro
604 1690 744 1721 πέπλων
776 1686 841 1721 lino
865 1690 934 1730 ipse
957 1689 1123 1720 Nauekius
1157 1689 1320 1729 proposuit

205 1741 345 1772 πέπλων
369 1739 487 1781 ῥάκος,
522 1741 575 1772 alii
606 1741 683 1777 alia,
719 1741 774 1772 sed
799 1740 1064 1771 Wilaniowitzius
1093 1740 1183 1771 Anal.
1206 1750 1235 1780 p.
1258 1741 1318 1770 215

206 1792 348 1823 defendit
385 1791 527 1822 eodieum
559 1792 762 1832 seripturam3
800 1791 936 1830 denique
971 1791 1055 1821 idem
1087 1793 1191 1821 tuetur
1222 1790 1320 1821 verba

205 1840 351 1881 συνάψαι
375 1838 404 1872 τ’
427 1841 463 1873 ἐκ
488 1842 584 1873 δυοῖν
606 1842 684 1882 μίαν
706 1839 818 1882 χάριν,
852 1851 1045 1881 quamquam
1077 1840 1156 1872 haee
1186 1841 1319 1872 fortasse

207 1895 354 1933 corrupta
382 1902 452 1923 esse
480 1892 626 1923 eoneedo.
670 1896 806 1923 ceterum
840 1892 945 1923 confer
974 1891 1040 1932 Iph.
1064 1892 1159 1922 Taur.
1184 1892 1243 1922 487
1275 1888 1319 1928 ὡς

206 1938 255 1974 δύ’
287 1943 320 1982 ἐξ
350 1941 423 1979 ἑνὸς
457 1941 551 1973 κακῶ
584 1939 752 1974 συνάπτει.
810 1952 1010 1973 numerorum
1045 1945 1150 1973 autem
1184 1942 1253 1981 lege
1286 1944 1319 1972 ut

206 1993 331 2024 Naueki
361 1994 520 2024 sententia
551 1993 764 2033 confirmetur,
802 1993 887 2033 quod
915 1995 1006 2033 putat
1037 1992 1195 2023 Hirzelius
1218 2002 1246 2032 p.
1271 1993 1318 2031 38,

204 2048 325 2075 tantun)
350 2044 451 2083 abest,
475 2047 508 2074 ut
533 2044 592 2075 hae
614 2044 687 2084 ipsa
710 2044 912 2084 improbetur.
947 2052 1059 2074 novem
1077 2042 1158 2073 enim
1175 2042 1319 2073 versibus

206 2095 334 2125 nutricis
358 2096 502 2125 507—15
527 2094 722 2125 subiviuntur
749 2104 860 2125 novem
886 2095 1039 2131 sle—24,
1069 2093 1094 2123 si
1118 2103 1145 2124 v.
1170 2094 1314 2123 513—15
