1471 2334
1202 122 1241 151 27

125 212 158 241 ut
181 209 273 248 dieat,
295 209 325 240 in
347 209 505 240 amoribus
521 207 677 239 interdum
694 217 764 239 esse
780 206 992 238 conivendum
1016 205 1058 248 (v.
1072 206 1241 244 462—(56),

125 270 182 292 nee
205 260 321 292 debere
344 260 469 291 omnino
500 258 643 290 homines
667 258 834 290 elaborare
865 258 895 288 in
920 258 986 287 vita
1016 257 1109 288 nimis
1133 266 1244 288 severe

125 315 223 352 atque
246 311 404 342 subtiliter
427 310 555 351 agenda
585 310 626 352 (v.
650 309 820 350 amn-72).
877 318 959 349 quae
994 312 1169 348 sequuntur
1200 307 1244 338 sie

126 362 317 404 procedunt:
354 372 428 393 nam
463 371 501 393 ne
537 361 693 392 imdomo
725 360 852 400 quidem
886 359 1088 391 aedificanda
1119 359 1245 400 singula

127 416 276 445 accurate
299 412 539 451 examinantur-3
577 412 675 443 multo
699 415 803 443 autem
828 411 950 450 minus,
981 411 1007 441 si
1036 420 1075 442 ex
1099 420 1138 441 ea
1163 411 1246 442 cala-

127 465 238 496 mitate
261 463 460 495 evadendum
493 466 556 500 est,
594 463 625 494 in
665 472 758 502 quam
799 465 832 493 tu
866 461 1019 498 incidisti,
1043 480 1085 484 —
1108 472 1181 492 nam
1206 461 1246 492 de

127 518 227 546 morte
251 515 432 546 voluntaria
456 524 495 545 ne
519 514 652 554 cogitari
686 514 814 553 quidem
839 513 933 544 debet
956 531 997 534 —
1028 512 1109 544 effici
1134 515 1246 553 potest,

127 570 161 598 ut
183 566 290 597 omnia
312 565 389 596 fiant
413 560 554 606 ἀκριβῶς
576 565 595 596 i.
611 575 637 596 e.
660 565 702 595 ad
725 565 851 595 virtutis
874 574 1035 604 normam3
1058 564 1154 595 immo
1171 573 1246 595 vero

127 617 393 657 acquiescendum
432 620 480 647 est
513 615 712 655 hominibus,
751 615 775 646 si
814 616 905 656 plura
947 615 1026 647 bene
1067 625 1100 646 se
1130 615 1248 646 habent

128 678 222 708 quam
246 667 339 699 male.
390 667 422 697 in
451 666 508 697 hoe
539 666 767 698 sententiarum
802 676 970 707 progressu
1001 666 1099 697 verba
1129 665 1174 703 εἷς
1199 666 1247 697 δέ·

129 720 236 756 ὸοκεῑς
267 722 342 759 apte
380 728 412 749 se
450 717 567 749 habere
601 717 772 759 appan-etl)
826 717 901 757 quin
936 717 1032 748 etiam
1067 717 1249 749 necessaria

129 773 217 810 sunt,
244 769 269 800 si
294 769 387 800 modo
411 764 488 800 οὗὸἐ
510 788 551 791 -
576 764 795 809 ἆκριβώσξιαν
827 768 967 808 genuina
991 778 1060 800 esse
1090 772 1248 809 putamus,

130 831 202 852 nam
228 816 308 852 οὐδέ
331 820 438 861 docet,
470 820 518 851 his
540 820 646 852 verbis
670 830 727 861 per
749 820 971 860 gradationem
1004 820 1045 851 ad
1070 820 1173 851 maius
1196 830 1249 860 op-

130 872 203 913 poni
227 872 343 903 debere
367 871 440 903 alia.
484 871 598 902 eadem
626 874 732 902 autem
764 871 822 902 illa
856 871 1135 911 argumentatione
1174 881 1250 902 usus

131 923 322 954 Bartholdus
357 926 463 963 posset
497 922 603 954 delere
637 922 733 953 etiam
776 932 804 953 v.
828 923 888 952 472
920 933 956 962 s.;
1002 922 1044 953 ibi
1077 923 1160 954 enim
1194 932 1248 953 nu-

132 974 193 1005 trix
217 977 326 1014 aperte
349 974 500 1014 coneedit,
523 974 555 1004 in
579 983 616 1005 eo
640 974 732 1013 facto,
756 973 797 1005 ad
821 973 906 1013 quod
924 973 1102 1005 Phaedram
1127 977 1247 1015 pertra-

129 1028 218 1056 etura
241 1028 304 1065 est,
340 1025 445 1056 inesse
479 1035 562 1065 quae
594 1035 655 1055 non
679 1025 741 1055 sint
762 1023 899 1066 χρηστά.
946 1035 974 1055 v.
999 1026 1145 1055 468-—70
1180 1034 1250 1056 esse

129 1076 318 1115 retinendos,
342 1076 478 1107 fortasse
502 1076 599 1107 etiam
628 1085 664 1107 eo
696 1076 936 1116 comprobatur,
972 1076 1055 1116 quod
1079 1075 1160 1108 haee
1183 1079 1251 1107 tota

129 1127 230 1158 oratio
268 1127 294 1157 si
329 1136 392 1166 qua
416 1127 457 1157 ad
481 1127 698 1168 symmetriam
727 1130 774 1158 est
798 1127 982 1168 composita.
1027 1137 1101 1158 nam
1127 1128 1152 1158 si
1182 1137 1250 1158 sen-

129 1178 249 1210 tentiae
273 1178 420 1218 singulae
450 1181 598 1209 accurate
633 1177 869 1218 discernuntur,
906 1178 988 1209 ultro
1026 1178 1159 1218 emergit
1193 1178 1252 1209 hoe

130 1228 272 1260 schema:
310 1231 337 1260 4.
361 1231 388 1260 6.
412 1229 439 1260 S.
463 1230 490 1260 S.
513 1229 540 1261 8.
564 1232 592 1260 (Γ).
620 1231 648 1261 4.
673 1232 699 1260 5.
743 1238 845 1269 neque
869 1229 996 1260 omnino
1019 1234 1163 1270 apparet,
1187 1239 1251 1269 qua

129 1280 258 1311 taudem
282 1289 382 1311 eausa
412 1279 531 1320 aliquis
555 1280 674 1314 moveri
706 1280 859 1321 potuerit⁷
889 1284 922 1311 ut
945 1280 1002 1311 hos
1026 1291 1136 1312 versus
1160 1281 1252 1312 inter-

129 1332 262 1372 polaret.

128 1443 156 1465 v.
180 1434 219 1463 42
321 1434 419 1473 δείξω
443 1433 477 1464 δὲ
506 1436 608 1475 Θησεῖ
628 1435 763 1475 πρᾶγμα
787 1430 1033 1476 κίῖκφανήσεται

132 1518 273 1560 spurium
298 1518 408 1550 habuit
431 1519 478 1550 vir
502 1519 579 1550 mihi
602 1520 863 1551 veneratissimus
887 1520 1025 1551 Hillerus
1050 1524 1174 1560 quaest.
1190 1521 1250 1552 He-

130 1570 250 1601 rodian.
275 1571 373 1601 Bonn.
402 1571 478 1600 3806
503 1571 640 1611 append.
663 1581 700 1602 ac
724 1571 865 1612 profecto
889 1576 1044 1612 repugnat
1076 1571 1136 1612 ipsi
1160 1572 1253 1603 huius

129 1621 313 1662 tragoediae
343 1625 539 1661 argumenta
591 1632 664 1653 nam
703 1622 734 1652 in
773 1623 842 1663 ipso
881 1622 1024 1654 dramate
1059 1633 1121 1653 non
1147 1623 1253 1654 Venus

131 1671 297 1703 Phaedrae
334 1672 366 1703 in
403 1672 614 1714 Hippolytum
653 1682 794 1704 amorem
826 1673 950 1704 Theseo
988 1674 1157 1714 patefacit,
1196 1674 1253 1706 sed

131 1723 238 1754 Diana
269 1723 319 1763 (cf.
351 1734 379 1754 v.
407 1724 483 1754 1301
511 1724 574 1765 ss.).
635 1724 784 1765 Veneris,
823 1734 894 1755 euni
927 1724 1137 1766 Hippolytum
1177 1726 1254 1757 velit

131 1774 347 1815 pessumdare,
371 1784 388 1805 e
411 1775 568 1806 contrario
592 1784 688 1814 quam
712 1775 852 1806 maxime
876 1775 1023 1815 interest,
1047 1786 1085 1808 ne
1108 1776 1251 1808 Theseus

132 1835 240 1856 verum
265 1830 444 1865 cognoseat.
488 1825 612 1857 aceedit
635 1826 701 1857 alia
732 1826 916 1857 difficultas.
965 1827 1070 1858 versui
1104 1828 1186 1859 enim
1213 1830 1252 1859 42

131 1880 299 1916 sequentes
323 1886 379 1917 per
402 1877 458 1907 καί
481 1877 526 1907 ita
550 1876 778 1917 adnectuntur,
803 1882 835 1908 ut
858 1878 912 1909 ille
936 1882 992 1910 aut
1015 1888 1146 1910 eausam
1171 1890 1252 1910 mor-

131 1927 171 1958 tis
194 1927 367 1968 Hippolyti,
391 1937 475 1968 quae
498 1928 693 1969 praedicitur
716 1938 744 1960 v.
768 1930 807 1959 43
832 1939 885 1969 ss.,
916 1934 971 1960 aut
994 1933 1078 1961 certe
1102 1930 1143 1970 id,
1167 1931 1251 1970 quod

218 2073 238 2103 ¹)
255 2071 380 2097 Seidlero
404 2079 430 2104 p.
444 2074 470 2097 21
504 2079 554 2104 pro
573 2074 633 2103 πῶς
656 2072 765 2098 sublata
788 2072 1005 2106 interrogatione
1030 2074 1162 2100 scribenti
1189 2073 1249 2106 πώς

132 2121 210 2139 nemo
229 2113 456 2147 adstipulabitur.
