1471 2334
209 111 249 140 34

209 193 250 224 ad
274 193 430 234 apodosin
454 189 515 224 οὐκ
539 189 579 224 ἂν
602 191 698 234 δεῦρο’
723 202 756 225 σε
774 195 955 234 προσῆγον.
1000 193 1214 234 imprudentia
1238 193 1321 225 enim

210 243 377 275 Phaedrae
405 244 533 275 minime
565 244 727 285 excusari,
761 244 844 283 quod
872 244 977 275 nutrix
1000 244 1042 275 ad
1065 244 1232 275 scelestam
1255 243 1322 275 libi-

210 294 315 326 dinem
348 294 529 325 satiandam
562 294 720 326 adducere
751 304 820 325 eam
853 295 988 326 studeat.
1032 305 1106 326 nam
1134 305 1196 326 non
1219 295 1322 326 minus

211 345 387 386 improbum
419 355 503 382 esse,
539 345 755 386 imprudentes
786 345 817 376 in
850 345 1004 385 flagitium
1039 345 1196 377 adducere
1226 355 1321 386 quam

210 396 391 436 prudentes.
434 396 511 427 nihil
542 396 637 436 igitur
668 397 821 427 interesse
850 396 908 427 hoc
939 397 1022 436 loco,
1055 400 1156 427 utrum
1184 396 1323 437 prudens

210 447 250 477 sit
274 446 436 486 Phaedra,
471 457 510 477 an
544 446 735 487 imprudens.
780 446 876 478 habet
905 446 982 478 haec
1005 447 1162 478 sententia
1184 447 1322 488 speciem

210 497 368 537 veritatis,
396 498 452 529 sed
477 501 586 528 contra
609 507 681 528 eam
705 496 784 529 haec
806 497 881 528 mihi
907 497 1042 529 dicenda
1065 497 1219 529 videntur.
1262 497 1323 538 pri-

210 558 295 579 mum
318 548 374 579 1100
398 549 465 580 1000
489 551 628 579 nontam
653 548 684 578 id
708 548 820 589 agitur,
843 551 877 579 ut
900 548 1005 579 nutrix
1028 558 1061 579 se
1084 552 1212 580 excuset
1227 551 1323 588 atque

210 599 340 630 honeste
371 609 405 630 se
435 599 539 639 egisse
571 599 757 639 contendat,
795 608 890 638 quam
923 602 956 629 ut
978 599 1188 638 demonstret,
1227 608 1322 639 quam

210 649 362 689 gravibus
391 650 495 680 causis
522 653 699 689 moveatur,
733 652 766 680 ut
791 649 957 681 Phaedrae
986 659 1124 681 amorem
1148 649 1322 690 Hippolyto

212 700 471 741 patefaciendum
505 703 643 731 censeat.
688 700 802 731 deinde
827 700 853 731 si
876 711 938 731 11011
961 700 992 731 id
1016 700 1145 731 interest
1167 700 1225 730 hoc
1246 700 1323 739 1000,

210 755 312 782 utrum
337 751 487 782 Phaedra
510 761 621 782 revera
645 751 685 781 sit
708 751 863 791 prudens,
895 761 935 782 an
960 751 1160 791 imprudens,
1184 754 1218 781 at
1241 753 1323 782 certe

211 802 377 843 plurimum
402 802 504 842 refert,
528 812 600 832 1111111
624 802 737 832 nutrici
761 801 907 833 videatur
924 802 1062 842 prudens
1083 804 1181 841 atque
1196 811 1323 841 compos

210 853 323 884 mentis
346 862 453 884 necne.

295 903 382 934 Nihil
412 903 509 943 igitur
539 903 660 943 obstat,
694 903 861 943 quominus
891 904 959 934 voci
992 901 1138 944 σώφρων
1170 902 1229 934 1100
1255 902 1323 933 1000

211 954 369 985 notionem
405 954 569 994 prudentis
605 954 735 985 subesse
766 963 961 985 censeamus.
1015 953 1100 994 quod
1132 953 1324 984 Bal-tholdus

211 1005 311 1044 obicit⁷
335 1006 361 1036 si
385 1008 480 1046 poeta
505 1004 681 1046 significare
704 1005 857 1036 voluisset
881 1015 1002 1046 sanam,
1024 1015 1095 1036 eum
1119 1015 1182 1035 non
1205 1004 1324 1035 addere

212 1056 359 1087 debuisse
384 1052 482 1098 γυνή,
511 1066 547 1087 00
571 1056 741 1096 refellitur,
764 1056 847 1096 quod
871 1056 1041 1096 Euripides
1065 1055 1192 1096 saepius
1215 1064 1323 1086 vocem

210 1104 292 1148 γυνή
322 1106 425 1145 addit,
463 1107 515 1137 ubi
547 1117 608 1137 11011
638 1117 766 1147 prorsus
796 1107 979 1138 necessaria
1007 1109 1063 1138 est.
1108 1105 1143 1137 cf.
1167 1106 1232 1137 Alc.
1256 1107 1326 1144 306,

212 1157 310 1189 Andr.
338 1159 393 1197 90,
426 1157 540 1189 Bacch.
568 1159 645 1197 913,
678 1157 725 1188 Ε1.
753 1158 831 1197 988,
863 1157 956 1197 Hipp.
981 1157 1056 1196 779,
1090 1158 1162 1188 Tro.
1186 1157 1245 1186 490
1278 1156 1326 1196 (ut

212 1203 294 1249 ἀνὴρ
319 1208 414 1248 Hipp.
442 1210 529 1245 1031,
552 1208 676 1239 Hcracl.
700 1209 718 1237 2
741 1208 820 1248 ete).
865 1211 961 1247 atque
990 1205 1137 1248 σώφρων
1159 1204 1241 1248 γυνή
1263 1216 1325 1237 11011

211 1263 348 1298 castam,
386 1259 441 1289 sed
477 1268 590 1289 sanam
629 1258 790 1289 mulierem
822 1258 980 1298 significat
1014 1259 1109 1289 etiam
1141 1258 1222 1289 Med.
1256 1258 1326 1288 913.

212 1309 333 1348 aliquid
357 1309 574 1349 ambiguitatis
598 1308 714 1339 habere
738 1308 835 1340 verba
854 1309 947 1349 Hipp.
965 1310 1034 1348 494,
1057 1318 1126 1339 cum
1146 1318 1207 1338 non
1223 1307 1325 1348 primo

212 1360 367 1400 adspectu
383 1363 549 1400 appareat,
573 1359 730 1399 quomodo
748 1357 893 1400 σώφρων
916 1359 1134 1400 accipiendum
1158 1358 1206 1399 sit,
1229 1358 1326 1388 liben-

212 1414 259 1442 ter
286 1410 432 1441 concede.
481 1410 620 1451 prudens
650 1412 754 1441 autem
786 1413 882 1449 atque
912 1419 1011 1440 sanae
1040 1409 1154 1440 mentis
1177 1407 1325 1439 Phaedra

212 1461 325 1492 nutrici
356 1464 419 1492 tum
449 1461 575 1492 demum
602 1460 741 1499 videtur,
776 1460 802 1491 si
831 1460 914 1491 cedit
945 1461 1052 1491 amori.
1096 1459 1128 1490 id
1151 1459 1325 1490 luculenter

212 1515 347 1553 apparet
369 1522 409 1543 ex
432 1512 486 1552 eis,
508 1521 591 1551 quae
615 1521 642 1543 v.
663 1513 722 1541 453
747 1514 778 1542 et
801 1513 860 1541 476
885 1511 970 1541 dixit.
1016 1513 1125 1542 contra
1146 1509 1325 1550 impruden-

212 1562 289 1593 tiam
326 1562 493 1593 Phaedrae
528 1562 560 1592 in
593 1571 630 1592 00
664 1562 802 1602 positam
836 1564 927 1602 putat
965 1561 1087 1601 nutrix,
1125 1560 1209 1600 quod
1245 1570 1325 1590 mor-

214 1617 275 1644 tem
306 1613 366 1644 sibi
397 1614 592 1644 consciscere
625 1612 765 1643 decrevit
788 1611 830 1652 (v.
848 1612 930 1652 400).
974 1621 1076 1651 neque
1108 1611 1201 1651 igitur
1228 1610 1325 1642 verba

213 1662 358 1705 σώφρων
390 1659 419 1694 δ’
443 1658 514 1694 οὗσ’
547 1660 724 1703 ἐτύγχανες
751 1660 850 1703 γυνή,
875 1665 908 1693 ut
936 1662 1012 1693 ‹licit-
1042 1661 1178 1701 Nauck,
1210 1671 1325 1692 novum

213 1714 343 1754 aliquod
371 1714 502 1745 nutricis
534 1717 753 1753 argumentum
786 1713 947 1744 continent
978 1713 1072 1752 idque
1103 1713 1244 1753 ineptum
1267 1711 1325 1742 1100

214 1765 298 1802 1000,
322 1765 377 1796 sed
401 1768 466 1795 tam
491 1768 557 1795 arte
581 1764 726 1805 opposita
757 1766 829 1794 sunt
860 1764 964 1794 verbis
995 1763 1022 1794 εἰ
1044 1762 1103 1804 μὲν
1126 1759 1186 1804 γὰρ
1209 1755 1249 1804 ἦν
1272 1770 1325 1793 σοι

212 1814 255 1856 μή
280 1811 327 1846 ’πὶ
354 1821 537 1856 συμφοραῖς
564 1815 635 1853 βίος
657 1815 811 1854 τοιαῖσδε,
843 1817 876 1844 ut
898 1817 1019 1845 tantum
1043 1813 1212 1854 suppleant
1234 1823 1325 1852 argu-

215 1869 366 1904 mentum,
398 1866 480 1905 quod
504 1866 536 1896 in
559 1865 607 1896 his
629 1866 727 1906 inest,
757 1865 799 1896 ad
822 1864 903 1896 hanc
926 1864 991 1896 fere
1014 1863 1219 1895 sententiam:
1246 1863 1324 1903 „nisi

214 1920 279 1947 tam
310 1917 425 1947 insana
456 1926 559 1955 esses,
592 1920 627 1947 ut
657 1916 735 1946 mori
766 1915 959 1947 dec1·everis“
991 1915 1041 1946 vel
1064 1914 1147 1953 quod
1170 1914 1254 1945 idem
1278 1916 1325 1945 est

214 1968 258 2007 „si
290 1970 354 1998 tam
387 1977 467 1998 sana
497 1977 602 2007 esses,
636 1970 669 1997 ut
701 1966 838 2007 amplius
868 1966 975 1997 vivere
1004 1965 1144 1995 animum
1168 1962 1325 1995 inducas.“

216 2018 276 2048 hac
299 2018 559 2058 interpretatione
583 2020 728 2058 accepta,
750 2017 838 2048 nulla
863 2019 910 2047 cst
933 2025 1044 2055 causa,
1068 2025 1121 2046 cur
1144 2026 1172 2046 v.
1195 2016 1255 2045 494
1279 2014 1324 2044 in-

216 2068 329 2098 sitivus
353 2068 495 2098 ducatur.
539 2077 640 2107 neque
665 2077 743 2107 opus
767 2069 814 2098 est
837 2066 930 2097 Weili
954 2065 1148 2097 coniectura:
1178 2063 1323 2105 σώφρων

215 2112 262 2148 ὧν
285 2115 324 2149 σύ
348 2116 515 2158 τυγχάνεις
538 2116 640 2158 γύναι.
