1471 2334
168 255 219 286 Dc
246 254 466 295 argumentis
490 254 781 294 interpolationis
809 254 844 286 et
867 253 909 285 do
934 254 1071 285 ratione
1096 254 1200 285 liuius

458 305 710 345 disputationis
734 305 909 337 universa.

209 364 376 396 Generalis
401 364 555 404 quaestio,
578 364 692 404 quibus
717 364 828 395 tinibus
852 364 1057 404 interpolatio
1081 363 1167 404 apud
1184 363 1243 394 Eu-

124 416 256 457 ripidem
283 415 570 447 circumscribenda
595 416 651 455 sit,
684 416 822 446 nondum
848 418 964 455 exstat,
989 424 1092 454 neque
1117 424 1244 445 consen-

125 467 208 498 tiunt
225 466 368 498 homines
391 466 484 505 docti,
508 476 604 506 quam
621 466 685 497 latc
710 470 819 507 pateat
843 466 922 497 haec
938 465 1035 497 labes.
1080 465 1136 496 alii
1160 465 1242 496 enim

123 518 166 549 ita
193 518 341 549 saeviunt
366 517 396 548 in
421 517 519 548 verba
536 520 660 557 poetae,
685 521 717 548 ut
734 517 783 548 vel
801 517 839 547 ob
856 516 1018 547 minimam
1039 515 1243 547 offensionem

122 577 233 600 versus
262 567 475 608 proscribant,
512 567 568 598 alii
601 567 650 598 vel
683 568 854 598 durissima
885 571 982 607 atque
1013 566 1244 598 absurdissima

122 621 251 660 propter
282 618 423 649 codicum
453 618 675 649 auctoritatem
707 618 850 650 retinent.
902 628 1004 658 neque
1034 618 1092 649 hoc
1123 618 1245 657 mirum,

122 669 380 710 quandoquidem
412 679 481 700 cum
506 670 673 700 universus
697 669 764 710 apti
788 672 819 700 et
843 669 963 710 pulchri
993 679 1105 700 sensus
1129 669 1159 699 in
1184 669 1244 700 sin-

121 720 202 761 gulis
226 720 404 758 hominibus
428 723 476 751 cst
500 720 659 759 diversus,
691 723 756 750 tum
790 721 929 751 maxime
953 720 1114 760 Euripidis
1138 719 1244 760 poesis

121 771 166 803 ita
188 775 373 812 comparata
396 774 451 809 est,
474 774 507 802 ut
524 771 612 802 varie
628 771 667 802 de
691 781 729 801 ea
747 771 847 811 possit
869 770 1011 802 iudicari.
1056 771 1165 810 itaque
1183 781 1244 810 quo

122 822 193 863 quis
216 822 346 864 propius
367 822 554 863 Euripidem
579 821 621 852 ad
645 821 875 862 praestantiam
900 825 930 852 et
947 822 1039 861 quasi
1064 821 1242 852 absolutam

122 873 259 914 speciem
283 873 414 914 perfecti
438 876 552 914 poetae
576 873 728 904 accedere
753 876 853 913 putat,
878 882 914 904 eo
938 873 1109 913 proclivior
1133 875 1180 903 est
1204 872 1244 903 ad

121 925 321 966 asperitates,
346 934 428 964 quae
452 925 484 955 in
502 934 538 955 eo
563 928 738 962 occurrunt,
755 924 928 957 tollendas:
953 927 1062 955 contra
1079 924 1132 963 qui
1148 923 1246 954 mino-

121 985 185 1007 rem
218 975 258 1007 de
288 985 324 1007 eo
356 978 541 1016 conceptam
574 975 669 1006 babet
694 975 883 1015 opinionem,
916 975 1033 1015 multa,
1063 984 1146 1014 quae
1183 984 1245 1005 non

121 1030 253 1067 possunt
275 1026 415 1065 laudari,
446 1026 593 1057 tolerabit
625 1026 791 1066 patienter.
838 1035 945 1056 verum
975 1025 1059 1057 enim
1083 1035 1158 1056 vero
1183 1035 1245 1056 non

121 1081 228 1108 nostro
267 1077 398 1108 arbitrio
431 1080 460 1108 et
492 1076 628 1116 quodam
663 1086 756 1107 sensu
788 1080 821 1107 ut
858 1077 903 1108 ita
933 1076 1038 1107 dicam
1070 1075 1245 1107 aesthetieo

122 1128 242 1160 moveri
271 1128 435 1167 debemus,
474 1131 507 1158 ut
539 1128 679 1167 aliquem
710 1137 836 1159 versum
875 1130 988 1168 poetae
1019 1127 1245 1159 abiudicemus.

121 1179 178 1211 sed
194 1179 292 1210 multo
310 1179 495 1210 certioribus
512 1178 710 1219 argumentis
727 1189 806 1219 opus
824 1181 880 1210 est.
915 1188 971 1209 eas
987 1178 1083 1218 igitur
1096 1179 1245 1217 rationes,

122 1240 202 1270 quas
225 1230 323 1261 totius
346 1229 574 1270 disputationis
598 1230 690 1269 quasi
714 1229 957 1260 fundamentum
986 1239 1055 1260 esse
1079 1229 1246 1267 voluimus,

122 1290 204 1312 nunc
235 1280 372 1312 breviter
403 1280 623 1312 iudicabimus.
668 1283 741 1311 ante
770 1280 890 1320 onmia,
922 1280 949 1310 si
973 1280 1065 1311 modo
1100 1283 1191 1311 caute
1215 1283 1246 1311 et

122 1333 350 1372 circumspecte
375 1331 503 1362 criticen
522 1331 667 1362 factitare
689 1331 843 1370 volumus,
868 1331 899 1362 id
916 1331 1087 1362 tenemium
1103 1335 1159 1367 est⁷
1183 1341 1244 1362 non

121 1393 175 1415 eos
199 1392 311 1414 versus
335 1392 405 1414 esse
436 1382 602 1422 delendos,
632 1382 685 1422 qui
716 1382 827 1413 deesse
859 1386 1005 1423 possunt,
1037 1382 1092 1413 sed
1122 1385 1245 1413 tantum

122 1444 185 1475 cos,
209 1434 262 1474 qui
279 1434 391 1465 deesse
407 1433 532 1471 debent,
555 1443 659 1473 neque
676 1443 740 1473 eos,
763 1433 816 1472 qui
833 1433 941 1473 aliquo
959 1433 1051 1464 modo
1066 1433 1246 1474 displicent,

122 1485 177 1516 sed
201 1494 264 1524 cos,
288 1484 340 1524 qui
366 1484 534 1524 quominus
557 1484 684 1515 omnino
709 1484 927 1520 admittantur,
952 1494 1065 1524 graves
1089 1487 1119 1515 ct
1140 1488 1246 1515 certae

123 1535 250 1567 obstant
273 1544 399 1567 causae.
444 1538 540 1574 atque
563 1534 620 1566 illa
643 1535 770 1574 quidem
795 1535 917 1576 opinio,
948 1544 987 1566 cx
1012 1544 1074 1574 qua
1099 1535 1243 1576 Euripidi

123 1591 245 1618 tantum
262 1586 396 1627 pulchra
421 1590 451 1617 et
474 1586 592 1617 eximia
609 1586 796 1625 tribuuntur,
819 1589 866 1616 est
890 1590 1000 1626 aperte
1018 1586 1110 1617 falsa.
1155 1596 1243 1617 nam—

123 1647 184 1678 que
207 1638 257 1669 hic
285 1640 380 1678 poeta
403 1638 463 1668 esti
488 1637 587 1668 multa
611 1636 751 1668 condidit
775 1637 960 1677 praeclara,
991 1640 1097 1668 tamen
1122 1637 1148 1668 si
1173 1637 1245 1676 quis

123 1688 205 1720 alius
228 1688 354 1729 scripsit
378 1688 473 1719 etiam
498 1688 589 1728 trita,
620 1688 743 1727 ieiuna,
772 1689 976 1728 importuna,
999 1687 1245 1728 reprehensione

124 1739 229 1779 digna.
273 1739 329 1770 sed
352 1739 484 1770 multum
508 1739 599 1770 abest
622 1742 655 1769 ut
679 1750 780 1770 omnes
810 1738 1013 1770 difficultates
1037 1738 1098 1770 hac
1122 1739 1246 1770 ratione

123 1790 247 1831 possint
269 1789 424 1821 excusari.
468 1790 563 1821 immo
587 1799 661 1821 vero
678 1789 933 1830 interpolationis
953 1793 1143 1830 argumenta
1161 1790 1245 1821 haud

123 1841 222 1872 dubia
245 1840 350 1882 posita
378 1849 448 1872 esse
481 1844 614 1881 possunt
643 1844 675 1871 et
698 1840 729 1871 in
761 1840 938 1872 elocutione
961 1844 991 1872 et
1023 1841 1053 1871 in
1078 1841 1246 1873 sententia.

124 1901 319 1932 quamquam
356 1891 439 1923 enim
470 1891 570 1922 multa
601 1892 773 1922 insolenter
805 1892 891 1923 dicta
923 1896 978 1923 aut
1008 1892 1245 1923 excusationem

124 1943 242 1974 habent
277 1946 332 1974 aut
370 1942 558 1973 coniecturis
589 1942 791 1973 emendanda
829 1945 915 1982 sunt,
948 1946 1056 1974 tamen
1087 1943 1245 1974 interdum

123 1994 231 2026 valent
253 1993 295 2024 ad
317 2003 428 2025 versus
451 1993 662 2033 damnandos⁷
684 1996 715 2024 et
738 1993 876 2025 maxime
892 1993 1033 2033 quidem,
1057 1993 1082 2025 si
1099 1994 1246 2025 molestia

123 2055 186 2076 non
209 2045 242 2076 in
265 2044 398 2085 singulis
422 2044 526 2076 verbis
548 2044 640 2084 inest,
664 2043 720 2075 sed
743 2044 775 2075 in
800 2047 866 2075 tota
890 2045 1058 2076 verborum
1080 2048 1245 2076 structura.

124 2095 222 2127 etiam
253 2095 382 2135 gravius
410 2098 458 2127 est
490 2095 624 2126 alterum
657 2098 888 2135 argumentum.
933 2105 1008 2126 nam
1039 2095 1065 2127 si
1089 2105 1152 2136 qua
1177 2106 1245 2127 sen-
