<?xml version="1.0" encoding="UTF-8"?>
<!DOCTYPE html PUBLIC "-//W3C//DTD XHTML 1.0 Transitional//EN"
    "http://www.w3.org/TR/xhtml1/DTD/xhtml1-transitional.dtd">
<html xmlns="http://www.w3.org/1999/xhtml" xml:lang="en" lang="en">
 <head>
  <title>
</title>
<meta http-equiv="Content-Type" content="text/html;charset=utf-8" />
  <meta name='ocr-system' content='tesseract 3.04.00' />
  <meta name='ocr-capabilities' content='ocr_page ocr_carea ocr_par ocr_line ocrx_word'/>
</head>
<body>
  <div class='ocr_page' id='page_1' title='image "./deinterpolatione00glouoft_0050.png"; bbox 0 0 1471 2334; ppageno 0'>
   <div class='ocr_carea' id='block_1_1' title="bbox 11 1799 158 1823">
    <p class='ocr_par' dir='ltr' id='par_1_1' title="bbox 11 1799 158 1823">
     <span class='ocr_line' id='line_1_1' title="bbox 11 1799 158 1823; baseline -0.014 0"><span class='ocrx_word' id='word_1_1' title='bbox 11 1805 34 1823; x_wconf 87' lang='lat' dir='ltr'>v.</span> <span class='ocrx_word' id='word_1_2' title='bbox 44 1799 74 1822; x_wconf 70' lang='lat'>(53</span> <span class='ocrx_word' id='word_1_3' title='bbox 88 1799 116 1823; x_wconf 77' lang='lat' dir='ltr'>et</span> <span class='ocrx_word' id='word_1_4' title='bbox 128 1799 158 1822; x_wconf 70' lang='lat'>157</span> 
     </span>
    </p>
   </div>
   <div class='ocr_carea' id='block_1_2' title="bbox 197 121 236 150">
    <p class='ocr_par' dir='ltr' id='par_1_2' title="bbox 197 121 236 150">
     <span class='ocr_line' id='line_1_2' title="bbox 197 121 236 150; baseline 0 0"><span class='ocrx_word' id='word_1_5' title='bbox 197 121 236 150; x_wconf 82' lang='lat'>42</span> 
     </span>
    </p>
   </div>
   <div class='ocr_carea' id='block_1_3' title="bbox 195 202 1311 1767">
    <p class='ocr_par' dir='ltr' id='par_1_3' title="bbox 195 202 1311 1411">
     <span class='ocr_line' id='line_1_3' title="bbox 197 202 1308 245; baseline -0.002 -11"><span class='ocrx_word' id='word_1_6' title='bbox 197 205 416 244; x_wconf 76' lang='lat' dir='ltr'>opusculorum</span> <span class='ocrx_word' id='word_1_7' title='bbox 438 214 499 234; x_wconf 88' lang='lat' dir='ltr'>non</span> <span class='ocrx_word' id='word_1_8' title='bbox 521 207 647 245; x_wconf 81' lang='lat' dir='ltr'>recepta</span> <span class='ocrx_word' id='word_1_9' title='bbox 663 204 732 243; x_wconf 79' lang='lat' dir='ltr'>est),</span> <span class='ocrx_word' id='word_1_10' title='bbox 755 203 831 243; x_wconf 81' lang='lat' dir='ltr'>quia</span> <span class='ocrx_word' id='word_1_11' title='bbox 847 205 952 234; x_wconf 80' lang='lat' dir='ltr'>esseut</span> <span class='ocrx_word' id='word_1_12' title='bbox 975 202 1113 234; x_wconf 80' lang='lat' dir='ltr'>numeris</span> <span class='ocrx_word' id='word_1_13' title='bbox 1129 202 1215 233; x_wconf 86' lang='lat' dir='ltr'>haud</span> <span class='ocrx_word' id='word_1_14' title='bbox 1231 211 1308 233; x_wconf 85' lang='lat' dir='ltr'>sane</span> 
     </span>
     <span class='ocr_line' id='line_1_4' title="bbox 198 253 1307 294; baseline -0.002 -9"><span class='ocrx_word' id='word_1_15' title='bbox 198 254 443 294; x_wconf 73' lang='lat' dir='ltr'>elegantissimis</span> <span class='ocrx_word' id='word_1_16' title='bbox 459 258 490 286; x_wconf 89' lang='lat' dir='ltr'>et</span> <span class='ocrx_word' id='word_1_17' title='bbox 512 255 631 286; x_wconf 83' lang='lat' dir='ltr'>eisdem</span> <span class='ocrx_word' id='word_1_18' title='bbox 656 255 759 286; x_wconf 82' lang='lat' dir='ltr'>verbis</span> <span class='ocrx_word' id='word_1_19' title='bbox 782 255 942 289; x_wconf 81' lang='lat' dir='ltr'>iterarent,</span> <span class='ocrx_word' id='word_1_20' title='bbox 965 257 996 284; x_wconf 86' lang='lat' dir='ltr'>et</span> <span class='ocrx_word' id='word_1_21' title='bbox 1019 253 1146 293; x_wconf 87' lang='lat' dir='ltr'>quidem</span> <span class='ocrx_word' id='word_1_22' title='bbox 1170 253 1238 283; x_wconf 88' lang='lat' dir='ltr'>sine</span> <span class='ocrx_word' id='word_1_23' title='bbox 1261 263 1307 283; x_wconf 92' lang='lat' dir='ltr'>or-</span> 
     </span>
     <span class='ocr_line' id='line_1_5' title="bbox 197 303 1308 345; baseline -0.003 -8"><span class='ocrx_word' id='word_1_24' title='bbox 197 310 282 345; x_wconf 85' lang='lat' dir='ltr'>natu,</span> <span class='ocrx_word' id='word_1_25' title='bbox 297 315 380 345; x_wconf 87' lang='lat' dir='ltr'>quae</span> <span class='ocrx_word' id='word_1_26' title='bbox 396 306 461 336; x_wconf 87' lang='lat' dir='ltr'>iam</span> <span class='ocrx_word' id='word_1_27' title='bbox 474 309 570 337; x_wconf 87' lang='lat' dir='ltr'>antea</span> <span class='ocrx_word' id='word_1_28' title='bbox 581 309 687 336; x_wconf 80' lang='lat' dir='ltr'>essent</span> <span class='ocrx_word' id='word_1_29' title='bbox 703 305 794 336; x_wconf 85' lang='lat' dir='ltr'>dicta.</span> <span class='ocrx_word' id='word_1_30' title='bbox 818 304 945 335; x_wconf 78' lang='lat' dir='ltr'>adsensi</span> <span class='ocrx_word' id='word_1_31' title='bbox 961 307 1033 335; x_wconf 81' lang='lat' dir='ltr'>sunt</span> <span class='ocrx_word' id='word_1_32' title='bbox 1049 304 1116 335; x_wconf 89' lang='lat' dir='ltr'>viro</span> <span class='ocrx_word' id='word_1_33' title='bbox 1133 303 1308 334; x_wconf 82' lang='lat' dir='ltr'>clarissimo</span> 
     </span>
     <span class='ocr_line' id='line_1_6' title="bbox 197 354 1307 396; baseline -0.003 -9"><span class='ocrx_word' id='word_1_34' title='bbox 197 356 400 396; x_wconf 84' lang='lat' dir='ltr'>Matthiaeus,</span> <span class='ocrx_word' id='word_1_35' title='bbox 416 356 557 395; x_wconf 85' lang='lat' dir='ltr'>Bothius,</span> <span class='ocrx_word' id='word_1_36' title='bbox 573 357 757 395; x_wconf 84' lang='lat' dir='ltr'>Hartungus</span> <span class='ocrx_word' id='word_1_37' title='bbox 771 354 803 396; x_wconf 84' lang='lat'>1),</span> <span class='ocrx_word' id='word_1_38' title='bbox 820 355 962 386; x_wconf 83' lang='lat' dir='ltr'>Weilius.</span> <span class='ocrx_word' id='word_1_39' title='bbox 997 354 1048 385; x_wconf 86' lang='lat' dir='ltr'>hic</span> <span class='ocrx_word' id='word_1_40' title='bbox 1063 354 1154 385; x_wconf 86' lang='lat' dir='ltr'>addit</span> <span class='ocrx_word' id='word_1_41' title='bbox 1170 355 1307 386; x_wconf 83' lang='lat' dir='ltr'>Dianam</span> 
     </span>
     <span class='ocr_line' id='line_1_7' title="bbox 197 404 1309 448; baseline -0.002 -11"><span class='ocrx_word' id='word_1_42' title='bbox 197 418 258 438; x_wconf 85' lang='lat' dir='ltr'>non</span> <span class='ocrx_word' id='word_1_43' title='bbox 275 418 367 448; x_wconf 84' lang='lat' dir='ltr'>posse</span> <span class='ocrx_word' id='word_1_44' title='bbox 385 408 489 439; x_wconf 88' lang='lat' dir='ltr'>vocari</span> <span class='ocrx_word' id='word_1_45' title='bbox 508 407 752 448; x_wconf 78' lang='lat' dir='ltr'>pulcherrimam</span> <span class='ocrx_word' id='word_1_46' title='bbox 770 415 944 446; x_wconf 85' lang='lat' dir='ltr'>paucarum</span> <span class='ocrx_word' id='word_1_47' title='bbox 962 405 1118 445; x_wconf 81' lang='lat' dir='ltr'>virginum</span> <span class='ocrx_word' id='word_1_48' title='bbox 1131 404 1309 446; x_wconf 82' lang='lat' dir='ltr'>Olympica-</span> 
     </span>
     <span class='ocr_line' id='line_1_8' title="bbox 196 456 1309 499; baseline -0.001 -10"><span class='ocrx_word' id='word_1_49' title='bbox 196 469 276 499; x_wconf 84' lang='lat' dir='ltr'>rum,</span> <span class='ocrx_word' id='word_1_50' title='bbox 300 462 467 499; x_wconf 77' lang='lat' dir='ltr'>postquam</span> <span class='ocrx_word' id='word_1_51' title='bbox 493 469 521 489; x_wconf 83' lang='lat' dir='ltr'>v.</span> <span class='ocrx_word' id='word_1_52' title='bbox 537 460 576 488; x_wconf 79' lang='grc'>66</span> <span class='ocrx_word' id='word_1_53' title='bbox 600 458 684 489; x_wconf 85' lang='lat' dir='ltr'>dicta</span> <span class='ocrx_word' id='word_1_54' title='bbox 706 457 746 488; x_wconf 85' lang='lat' dir='ltr'>sit</span> <span class='ocrx_word' id='word_1_55' title='bbox 769 461 894 488; x_wconf 70' lang='lat' dir='ltr'>ommam</span> <span class='ocrx_word' id='word_1_56' title='bbox 917 456 1073 496; x_wconf 77' lang='lat' dir='ltr'>virginum</span> <span class='ocrx_word' id='word_1_57' title='bbox 1090 456 1309 496; x_wconf 85' lang='lat' dir='ltr'>pulcherrima.</span> 
     </span>
     <span class='ocr_line' id='line_1_9' title="bbox 197 506 1307 549; baseline -0.003 -9"><span class='ocrx_word' id='word_1_58' title='bbox 197 510 252 541; x_wconf 83' lang='lat' dir='ltr'>sed</span> <span class='ocrx_word' id='word_1_59' title='bbox 269 509 327 540; x_wconf 86' lang='lat' dir='ltr'>hoc</span> <span class='ocrx_word' id='word_1_60' title='bbox 343 512 574 549; x_wconf 75' lang='lat' dir='ltr'>argumentum,</span> <span class='ocrx_word' id='word_1_61' title='bbox 597 519 658 548; x_wconf 91' lang='lat' dir='ltr'>quo</span> <span class='ocrx_word' id='word_1_62' title='bbox 682 519 756 539; x_wconf 85' lang='lat' dir='ltr'>usus</span> <span class='ocrx_word' id='word_1_63' title='bbox 780 511 847 539; x_wconf 87' lang='lat' dir='ltr'>erat</span> <span class='ocrx_word' id='word_1_64' title='bbox 869 507 933 538; x_wconf 88' lang='lat' dir='ltr'>iam</span> <span class='ocrx_word' id='word_1_65' title='bbox 952 506 1117 538; x_wconf 79' lang='lat' dir='ltr'>Nauckius</span> <span class='ocrx_word' id='word_1_66' title='bbox 1140 507 1255 547; x_wconf 86' lang='lat' dir='ltr'>(studd.</span> <span class='ocrx_word' id='word_1_67' title='bbox 1278 507 1307 537; x_wconf 94' lang='lat' dir='ltr'>II</span> 
     </span>
     <span class='ocr_line' id='line_1_10' title="bbox 196 557 1311 601; baseline -0.003 -10"><span class='ocrx_word' id='word_1_68' title='bbox 196 571 225 601; x_wconf 92' lang='lat' dir='ltr'>p.</span> <span class='ocrx_word' id='word_1_69' title='bbox 243 561 283 600; x_wconf 73' lang='grc'>5),</span> <span class='ocrx_word' id='word_1_70' title='bbox 306 570 367 591; x_wconf 89' lang='lat' dir='ltr'>non</span> <span class='ocrx_word' id='word_1_71' title='bbox 392 560 516 591; x_wconf 84' lang='lat' dir='ltr'>videtur</span> <span class='ocrx_word' id='word_1_72' title='bbox 535 569 606 591; x_wconf 82' lang='lat' dir='ltr'>esse</span> <span class='ocrx_word' id='word_1_73' title='bbox 621 559 777 590; x_wconf 87' lang='lat' dir='ltr'>idoneum.</span> <span class='ocrx_word' id='word_1_74' title='bbox 821 568 895 589; x_wconf 91' lang='lat' dir='ltr'>nam</span> <span class='ocrx_word' id='word_1_75' title='bbox 912 568 981 589; x_wconf 90' lang='lat' dir='ltr'>cum</span> <span class='ocrx_word' id='word_1_76' title='bbox 998 561 1244 589; x_wconf 84' lang='lat' dir='ltr'>consentaneum</span> <span class='ocrx_word' id='word_1_77' title='bbox 1261 557 1311 598; x_wconf 85' lang='lat' dir='ltr'>sit,</span> 
     </span>
     <span class='ocr_line' id='line_1_11' title="bbox 197 609 1308 652; baseline -0.003 -10"><span class='ocrx_word' id='word_1_78' title='bbox 197 610 381 652; x_wconf 76' lang='lat' dir='ltr'>Olympicas</span> <span class='ocrx_word' id='word_1_79' title='bbox 402 611 541 650; x_wconf 84' lang='lat' dir='ltr'>virgines</span> <span class='ocrx_word' id='word_1_80' title='bbox 557 610 689 650; x_wconf 84' lang='lat' dir='ltr'>reliquis</span> <span class='ocrx_word' id='word_1_81' title='bbox 705 619 775 641; x_wconf 82' lang='lat' dir='ltr'>esse</span> <span class='ocrx_word' id='word_1_82' title='bbox 792 609 995 650; x_wconf 82' lang='lat' dir='ltr'>pulchriores,</span> <span class='ocrx_word' id='word_1_83' title='bbox 1012 609 1038 639; x_wconf 87' lang='lat' dir='ltr'>si</span> <span class='ocrx_word' id='word_1_84' title='bbox 1055 609 1160 640; x_wconf 86' lang='lat' dir='ltr'>Diana</span> <span class='ocrx_word' id='word_1_85' title='bbox 1183 609 1308 639; x_wconf 87' lang='lat' dir='ltr'>illarum</span> 
     </span>
     <span class='ocr_line' id='line_1_12' title="bbox 195 659 1309 702; baseline -0.003 -10"><span class='ocrx_word' id='word_1_86' title='bbox 195 661 427 693; x_wconf 80' lang='lat' dir='ltr'>formosissima</span> <span class='ocrx_word' id='word_1_87' title='bbox 458 661 585 702; x_wconf 84' lang='lat' dir='ltr'>dicitur,</span> <span class='ocrx_word' id='word_1_88' title='bbox 616 670 652 692; x_wconf 93' lang='lat' dir='ltr'>eo</span> <span class='ocrx_word' id='word_1_89' title='bbox 681 660 750 701; x_wconf 82' lang='lat' dir='ltr'>ipso</span> <span class='ocrx_word' id='word_1_90' title='bbox 774 660 980 700; x_wconf 81' lang='lat' dir='ltr'>intellegitur,</span> <span class='ocrx_word' id='word_1_91' title='bbox 1011 669 1081 691; x_wconf 89' lang='lat' dir='ltr'>eam</span> <span class='ocrx_word' id='word_1_92' title='bbox 1104 669 1174 690; x_wconf 84' lang='lat' dir='ltr'>esse</span> <span class='ocrx_word' id='word_1_93' title='bbox 1197 659 1309 689; x_wconf 86' lang='lat' dir='ltr'>formo—</span> 
     </span>
     <span class='ocr_line' id='line_1_13' title="bbox 196 710 1308 751; baseline -0.003 -8"><span class='ocrx_word' id='word_1_94' title='bbox 196 712 355 743; x_wconf 79' lang='lat' dir='ltr'>sissimam</span> <span class='ocrx_word' id='word_1_95' title='bbox 385 716 520 744; x_wconf 71' lang='lat' dir='ltr'>onmium.</span> <span class='ocrx_word' id='word_1_96' title='bbox 565 715 595 743; x_wconf 83' lang='lat' dir='ltr'>et</span> <span class='ocrx_word' id='word_1_97' title='bbox 619 712 689 751; x_wconf 86' lang='lat' dir='ltr'>quis</span> <span class='ocrx_word' id='word_1_98' title='bbox 714 710 821 742; x_wconf 84' lang='lat' dir='ltr'>credat</span> <span class='ocrx_word' id='word_1_99' title='bbox 852 710 924 741; x_wconf 85' lang='lat' dir='ltr'>illos</span> <span class='ocrx_word' id='word_1_100' title='bbox 948 719 1057 741; x_wconf 84' lang='lat' dir='ltr'>versus</span> <span class='ocrx_word' id='word_1_101' title='bbox 1086 719 1156 741; x_wconf 84' lang='lat' dir='ltr'>esse</span> <span class='ocrx_word' id='word_1_102' title='bbox 1186 713 1308 740; x_wconf 81' lang='lat' dir='ltr'>antece-</span> 
     </span>
     <span class='ocr_line' id='line_1_14' title="bbox 196 760 1309 804; baseline -0.003 -10"><span class='ocrx_word' id='word_1_103' title='bbox 196 763 336 794; x_wconf 87' lang='lat' dir='ltr'>dentium</span> <span class='ocrx_word' id='word_1_104' title='bbox 366 763 656 804; x_wconf 83' lang='lat' dir='ltr'>interpretationem</span> <span class='ocrx_word' id='word_1_105' title='bbox 681 761 880 803; x_wconf 86' lang='lat' dir='ltr'>(Hermann.)</span> <span class='ocrx_word' id='word_1_106' title='bbox 904 761 953 792; x_wconf 86' lang='lat' dir='ltr'>vel</span> <span class='ocrx_word' id='word_1_107' title='bbox 977 760 1190 802; x_wconf 83' lang='lat' dir='ltr'>paraphrasin</span> <span class='ocrx_word' id='word_1_108' title='bbox 1214 769 1309 801; x_wconf 80' lang='lat' dir='ltr'>prosa</span> 
     </span>
     <span class='ocr_line' id='line_1_15' title="bbox 196 812 1310 854; baseline -0.004 -9"><span class='ocrx_word' id='word_1_109' title='bbox 196 814 337 845; x_wconf 89' lang='lat' dir='ltr'>oratione</span> <span class='ocrx_word' id='word_1_110' title='bbox 353 818 536 854; x_wconf 80' lang='lat' dir='ltr'>conceptam</span> <span class='ocrx_word' id='word_1_111' title='bbox 557 812 700 854; x_wconf 83' lang='lat' dir='ltr'>(Weil.)‘?</span> <span class='ocrx_word' id='word_1_112' title='bbox 743 815 809 843; x_wconf 87' lang='lat' dir='ltr'>tam</span> <span class='ocrx_word' id='word_1_113' title='bbox 826 812 915 853; x_wconf 86' lang='lat' dir='ltr'>plani</span> <span class='ocrx_word' id='word_1_114' title='bbox 937 812 1021 843; x_wconf 91' lang='lat' dir='ltr'>enim</span> <span class='ocrx_word' id='word_1_115' title='bbox 1038 815 1110 842; x_wconf 83' lang='lat' dir='ltr'>sunt</span> <span class='ocrx_word' id='word_1_116' title='bbox 1132 821 1160 843; x_wconf 93' lang='lat' dir='ltr'>v.</span> <span class='ocrx_word' id='word_1_117' title='bbox 1177 812 1310 851; x_wconf 80' lang='lat'><strong>59—-69,</strong></span> 
     </span>
     <span class='ocr_line' id='line_1_16' title="bbox 196 862 1308 905; baseline -0.003 -10"><span class='ocrx_word' id='word_1_118' title='bbox 196 868 229 896; x_wconf 91' lang='lat' dir='ltr'>ut</span> <span class='ocrx_word' id='word_1_119' title='bbox 252 865 405 895; x_wconf 83' lang='lat' dir='ltr'>eiusmodi</span> <span class='ocrx_word' id='word_1_120' title='bbox 421 864 689 905; x_wconf 85' lang='lat' dir='ltr'>interpretatione,</span> <span class='ocrx_word' id='word_1_121' title='bbox 713 872 795 903; x_wconf 87' lang='lat' dir='ltr'>quae</span> <span class='ocrx_word' id='word_1_122' title='bbox 811 872 849 894; x_wconf 84' lang='lat' dir='ltr'>ne</span> <span class='ocrx_word' id='word_1_123' title='bbox 871 865 919 894; x_wconf 81' lang='lat' dir='ltr'>est</span> <span class='ocrx_word' id='word_1_124' title='bbox 935 862 1062 902; x_wconf 90' lang='lat' dir='ltr'>quidem</span> <span class='ocrx_word' id='word_1_125' title='bbox 1079 862 1308 902; x_wconf 81' lang='lat' dir='ltr'>interpretatio,</span> 
     </span>
     <span class='ocr_line' id='line_1_17' title="bbox 196 912 1308 955; baseline -0.002 -10"><span class='ocrx_word' id='word_1_126' title='bbox 196 915 251 946; x_wconf 81' lang='lat' dir='ltr'>sed</span> <span class='ocrx_word' id='word_1_127' title='bbox 275 914 351 946; x_wconf 88' lang='lat' dir='ltr'>nihil</span> <span class='ocrx_word' id='word_1_128' title='bbox 375 915 440 947; x_wconf 88' lang='lat' dir='ltr'>fere</span> <span class='ocrx_word' id='word_1_129' title='bbox 463 915 522 946; x_wconf 84' lang='lat' dir='ltr'>nisi</span> <span class='ocrx_word' id='word_1_130' title='bbox 547 914 706 955; x_wconf 77' lang='lat' dir='ltr'>repetitio,</span> <span class='ocrx_word' id='word_1_131' title='bbox 730 913 859 945; x_wconf 88' lang='lat' dir='ltr'>minime</span> <span class='ocrx_word' id='word_1_132' title='bbox 882 916 1006 953; x_wconf 83' lang='lat' dir='ltr'>egeant.</span> <span class='ocrx_word' id='word_1_133' title='bbox 1049 922 1152 952; x_wconf 85' lang='lat' dir='ltr'>neque</span> <span class='ocrx_word' id='word_1_134' title='bbox 1176 914 1207 943; x_wconf 91' lang='lat' dir='ltr'>in</span> <span class='ocrx_word' id='word_1_135' title='bbox 1231 912 1308 953; x_wconf 85' lang='lat' dir='ltr'>ipsis</span> 
     </span>
     <span class='ocr_line' id='line_1_18' title="bbox 196 963 1307 1007; baseline -0.004 -10"><span class='ocrx_word' id='word_1_136' title='bbox 196 966 301 997; x_wconf 80' lang='lat' dir='ltr'>verbis</span> <span class='ocrx_word' id='word_1_137' title='bbox 318 966 472 1007; x_wconf 85' lang='lat' dir='ltr'>pedestris</span> <span class='ocrx_word' id='word_1_138' title='bbox 484 975 587 997; x_wconf 85' lang='lat' dir='ltr'>sermo</span> <span class='ocrx_word' id='word_1_139' title='bbox 600 965 788 1005; x_wconf 81' lang='lat' dir='ltr'>agnoscitur.</span> <span class='ocrx_word' id='word_1_140' title='bbox 822 974 862 995; x_wconf 91' lang='lat' dir='ltr'>an</span> <span class='ocrx_word' id='word_1_141' title='bbox 879 964 1024 1004; x_wconf 88' lang='lat' dir='ltr'>repetitio</span> <span class='ocrx_word' id='word_1_142' title='bbox 1037 963 1124 994; x_wconf 85' lang='lat' dir='ltr'>vocis</span> <span class='ocrx_word' id='word_1_143' title='bbox 1140 963 1307 1000; x_wconf 78' lang='grc' dir='ltr'><strong><em>καλλίστα,</em></strong></span> 
     </span>
     <span class='ocr_line' id='line_1_19' title="bbox 196 1010 1308 1057; baseline -0.004 -9"><span class='ocrx_word' id='word_1_144' title='bbox 196 1017 267 1057; x_wconf 86' lang='lat' dir='ltr'>ipsa</span> <span class='ocrx_word' id='word_1_145' title='bbox 301 1017 409 1048; x_wconf 86' lang='lat' dir='ltr'>dorica</span> <span class='ocrx_word' id='word_1_146' title='bbox 440 1016 542 1047; x_wconf 88' lang='lat' dir='ltr'>forma</span> <span class='ocrx_word' id='word_1_147' title='bbox 572 1015 663 1047; x_wconf 85' lang='lat' dir='ltr'>huius</span> <span class='ocrx_word' id='word_1_148' title='bbox 692 1015 853 1055; x_wconf 82' lang='lat' dir='ltr'>vocabuli,</span> <span class='ocrx_word' id='word_1_149' title='bbox 890 1010 962 1045; x_wconf 75' lang='grc' dir='ltr'>κατ’</span> <span class='ocrx_word' id='word_1_150' title='bbox 987 1010 1153 1055; x_wconf 79' lang='grc' dir='ltr'><strong><em>Ὄλυμπον</em></strong></span> <span class='ocrx_word' id='word_1_151' title='bbox 1184 1024 1241 1055; x_wconf 89' lang='lat' dir='ltr'>pro</span> <span class='ocrx_word' id='word_1_152' title='bbox 1273 1013 1308 1044; x_wconf 73' lang='grc' dir='ltr'>ἐν</span> 
     </span>
     <span class='ocr_line' id='line_1_20' title="bbox 195 1064 1308 1109; baseline -0.004 -10"><span class='ocrx_word' id='word_1_153' title='bbox 195 1064 345 1109; x_wconf 75' lang='grc' dir='ltr'><em>Ὀλύμπῳ</em></span> <span class='ocrx_word' id='word_1_154' title='bbox 357 1068 495 1108; x_wconf 85' lang='lat' dir='ltr'>positum</span> <span class='ocrx_word' id='word_1_155' title='bbox 508 1067 637 1108; x_wconf 85' lang='lat' dir='ltr'>sapiunt</span> <span class='ocrx_word' id='word_1_156' title='bbox 652 1066 804 1107; x_wconf 78' lang='lat' dir='ltr'>prosam?</span> <span class='ocrx_word' id='word_1_157' title='bbox 827 1065 903 1096; x_wconf 91' lang='lat' dir='ltr'>mihi</span> <span class='ocrx_word' id='word_1_158' title='bbox 916 1065 947 1096; x_wconf 92' lang='lat' dir='ltr'>hi</span> <span class='ocrx_word' id='word_1_159' title='bbox 960 1075 1070 1096; x_wconf 84' lang='lat' dir='ltr'>versus</span> <span class='ocrx_word' id='word_1_160' title='bbox 1086 1065 1275 1095; x_wconf 87' lang='lat' dir='ltr'>famulorum</span> <span class='ocrx_word' id='word_1_161' title='bbox 1283 1065 1308 1105; x_wconf 76' lang='grc'>2)</span> 
     </span>
     <span class='ocr_line' id='line_1_21' title="bbox 195 1115 1308 1159; baseline -0.004 -9"><span class='ocrx_word' id='word_1_162' title='bbox 195 1119 355 1150; x_wconf 87' lang='lat' dir='ltr'>tribuendi</span> <span class='ocrx_word' id='word_1_163' title='bbox 385 1118 530 1150; x_wconf 90' lang='lat' dir='ltr'>videntur</span> <span class='ocrx_word' id='word_1_164' title='bbox 552 1118 613 1159; x_wconf 86' lang='lat' dir='ltr'>ipsi</span> <span class='ocrx_word' id='word_1_165' title='bbox 637 1117 797 1158; x_wconf 85' lang='lat' dir='ltr'>Euripidi,</span> <span class='ocrx_word' id='word_1_166' title='bbox 827 1126 920 1156; x_wconf 88' lang='lat' dir='ltr'>quem</span> <span class='ocrx_word' id='word_1_167' title='bbox 944 1116 984 1147; x_wconf 87' lang='lat' dir='ltr'>ab</span> <span class='ocrx_word' id='word_1_168' title='bbox 1008 1116 1174 1147; x_wconf 72' lang='lat' dir='ltr'>iteratione</span> <span class='ocrx_word' id='word_1_169' title='bbox 1197 1115 1308 1147; x_wconf 89' lang='lat' dir='ltr'>talium</span> 
     </span>
     <span class='ocr_line' id='line_1_22' title="bbox 197 1166 1304 1211; baseline -0.005 -10"><span class='ocrx_word' id='word_1_170' title='bbox 197 1170 476 1211; x_wconf 84' lang='lat' dir='ltr'>epiphonematum</span> <span class='ocrx_word' id='word_1_171' title='bbox 508 1179 570 1200; x_wconf 84' lang='lat' dir='ltr'>non</span> <span class='ocrx_word' id='word_1_172' title='bbox 603 1168 771 1199; x_wconf 89' lang='lat' dir='ltr'>abhorrere</span> <span class='ocrx_word' id='word_1_173' title='bbox 804 1167 917 1198; x_wconf 84' lang='lat' dir='ltr'>docent</span> <span class='ocrx_word' id='word_1_174' title='bbox 947 1166 1060 1198; x_wconf 87' lang='lat' dir='ltr'>Bacch.</span> <span class='ocrx_word' id='word_1_175' title='bbox 1091 1167 1304 1198; x_wconf 80' lang='lat' dir='ltr'>v.897-901</span> 
     </span>
     <span class='ocr_line' id='line_1_23' title="bbox 196 1217 1307 1261; baseline -0.005 -9"><span class='ocrx_word' id='word_1_176' title='bbox 196 1221 321 1261; x_wconf 83' lang='lat' dir='ltr'>repetiti</span> <span class='ocrx_word' id='word_1_177' title='bbox 337 1231 353 1252; x_wconf 89' lang='lat' dir='ltr'>e</span> <span class='ocrx_word' id='word_1_178' title='bbox 370 1230 398 1251; x_wconf 88' lang='lat' dir='ltr'>v.</span> <span class='ocrx_word' id='word_1_179' title='bbox 412 1221 556 1251; x_wconf 68' lang='lat'>877—81</span> <span class='ocrx_word' id='word_1_180' title='bbox 578 1222 609 1251; x_wconf 90' lang='lat' dir='ltr'>et</span> <span class='ocrx_word' id='word_1_181' title='bbox 625 1229 652 1251; x_wconf 92' lang='lat' dir='ltr'>v.</span> <span class='ocrx_word' id='word_1_182' title='bbox 669 1221 722 1249; x_wconf 88' lang='grc'>101</span> <span class='ocrx_word' id='word_1_183' title='bbox 734 1219 832 1249; x_wconf 85' lang='grc'><strong>1-16</strong></span> <span class='ocrx_word' id='word_1_184' title='bbox 850 1228 866 1249; x_wconf 91' lang='lat' dir='ltr'>e</span> <span class='ocrx_word' id='word_1_185' title='bbox 887 1228 914 1248; x_wconf 95' lang='lat' dir='ltr'>v.</span> <span class='ocrx_word' id='word_1_186' title='bbox 928 1217 1083 1257; x_wconf 74' lang='grc'><strong>992-96,</strong></span> <span class='ocrx_word' id='word_1_187' title='bbox 1099 1217 1145 1249; x_wconf 88' lang='lat' dir='ltr'>El.</span> <span class='ocrx_word' id='word_1_188' title='bbox 1165 1217 1307 1247; x_wconf 78' lang='lat'>127—29</span> 
     </span>
     <span class='ocr_line' id='line_1_24' title="bbox 196 1268 1308 1311; baseline -0.003 -10"><span class='ocrx_word' id='word_1_189' title='bbox 196 1281 213 1302; x_wconf 95' lang='lat' dir='ltr'>e</span> <span class='ocrx_word' id='word_1_190' title='bbox 236 1273 432 1311; x_wconf 75' lang='lat' dir='ltr'>v.112—14,</span> <span class='ocrx_word' id='word_1_191' title='bbox 454 1270 524 1302; x_wconf 87' lang='lat' dir='ltr'>Jon.</span> <span class='ocrx_word' id='word_1_192' title='bbox 546 1271 686 1300; x_wconf 78' lang='lat'>141—43</span> <span class='ocrx_word' id='word_1_193' title='bbox 710 1279 727 1301; x_wconf 93' lang='lat' dir='ltr'>e</span> <span class='ocrx_word' id='word_1_194' title='bbox 748 1269 942 1301; x_wconf 76' lang='lat' dir='ltr'>v.1·25-27.</span> <span class='ocrx_word' id='word_1_195' title='bbox 987 1271 1119 1299; x_wconf 86' lang='lat' dir='ltr'>metrum</span> <span class='ocrx_word' id='word_1_196' title='bbox 1143 1278 1205 1298; x_wconf 90' lang='lat' dir='ltr'>uon</span> <span class='ocrx_word' id='word_1_197' title='bbox 1228 1268 1308 1298; x_wconf 90' lang='lat' dir='ltr'>bene</span> 
     </span>
     <span class='ocr_line' id='line_1_25' title="bbox 197 1318 1308 1362; baseline -0.005 -9"><span class='ocrx_word' id='word_1_198' title='bbox 197 1323 365 1354; x_wconf 83' lang='lat' dir='ltr'>convenire</span> <span class='ocrx_word' id='word_1_199' title='bbox 388 1322 429 1352; x_wconf 90' lang='lat' dir='ltr'>ad</span> <span class='ocrx_word' id='word_1_200' title='bbox 454 1322 624 1362; x_wconf 83' lang='lat' dir='ltr'>glyconeos</span> <span class='ocrx_word' id='word_1_201' title='bbox 646 1320 871 1361; x_wconf 78' lang='lat' dir='ltr'>praecedentes</span> <span class='ocrx_word' id='word_1_202' title='bbox 894 1329 955 1350; x_wconf 90' lang='lat' dir='ltr'>non</span> <span class='ocrx_word' id='word_1_203' title='bbox 976 1318 1100 1350; x_wconf 90' lang='lat' dir='ltr'>infitior.</span> <span class='ocrx_word' id='word_1_204' title='bbox 1144 1328 1217 1349; x_wconf 91' lang='lat' dir='ltr'>num</span> <span class='ocrx_word' id='word_1_205' title='bbox 1234 1328 1308 1349; x_wconf 89' lang='lat' dir='ltr'>vero</span> 
     </span>
     <span class='ocr_line' id='line_1_26' title="bbox 196 1370 928 1411; baseline -0.005 -7"><span class='ocrx_word' id='word_1_206' title='bbox 196 1377 280 1404; x_wconf 88' lang='lat' dir='ltr'>recte</span> <span class='ocrx_word' id='word_1_207' title='bbox 303 1372 470 1404; x_wconf 84' lang='lat' dir='ltr'>Nauckius</span> <span class='ocrx_word' id='word_1_208' title='bbox 492 1372 511 1403; x_wconf 96' lang='lat' dir='ltr'>l.</span> <span class='ocrx_word' id='word_1_209' title='bbox 534 1372 553 1403; x_wconf 95' lang='lat' dir='ltr'>l.</span> <span class='ocrx_word' id='word_1_210' title='bbox 575 1371 744 1411; x_wconf 85' lang='lat' dir='ltr'>legendum</span> <span class='ocrx_word' id='word_1_211' title='bbox 768 1370 928 1411; x_wconf 87' lang='lat' dir='ltr'>putaverit</span> 
     </span>
    </p>

    <p class='ocr_par' dir='ltr' id='par_1_4' title="bbox 498 1417 949 1464">
     <span class='ocr_line' id='line_1_27' title="bbox 498 1417 949 1464; baseline -0.004 -11"><span class='ocrx_word' id='word_1_212' title='bbox 498 1428 588 1464; x_wconf 67' lang='grc' dir='ltr'><em>χαῖρε</em></span> <span class='ocrx_word' id='word_1_213' title='bbox 611 1428 703 1463; x_wconf 74' lang='grc' dir='ltr'><em>χαῖρε</em></span> <span class='ocrx_word' id='word_1_214' title='bbox 725 1432 791 1462; x_wconf 83' lang='grc' dir='ltr'><strong><em>μοι,</em></strong></span> <span class='ocrx_word' id='word_1_215' title='bbox 815 1417 840 1452; x_wconf 74' lang='grc' dir='ltr'>(ἶ</span> <span class='ocrx_word' id='word_1_216' title='bbox 866 1418 949 1461; x_wconf 81' lang='grc' dir='ltr'><em>κόρα</em></span> 
     </span>
    </p>

    <p class='ocr_par' dir='ltr' id='par_1_5' title="bbox 195 1467 1307 1607">
     <span class='ocr_line' id='line_1_28' title="bbox 500 1467 953 1512; baseline -0.007 -7"><span class='ocrx_word' id='word_1_217' title='bbox 500 1473 661 1505; x_wconf 81' lang='grc' dir='ltr'><em>καλλίστα</em></span> <span class='ocrx_word' id='word_1_218' title='bbox 684 1467 756 1503; x_wconf 71' lang='grc' dir='ltr'><em>κατ’</em></span> <span class='ocrx_word' id='word_1_219' title='bbox 772 1468 953 1512; x_wconf 72' lang='grc' dir='ltr'><strong><em>Ὄλυμπον,</em></strong></span> 
     </span>
     <span class='ocr_line' id='line_1_29' title="bbox 195 1519 1307 1563; baseline -0.006 -6"><span class='ocrx_word' id='word_1_220' title='bbox 195 1525 398 1557; x_wconf 85' lang='lat' dir='ltr'>vehementer</span> <span class='ocrx_word' id='word_1_221' title='bbox 427 1525 542 1556; x_wconf 88' lang='lat' dir='ltr'>dubito.</span> <span class='ocrx_word' id='word_1_222' title='bbox 587 1524 613 1555; x_wconf 80' lang='lat' dir='ltr'>si</span> <span class='ocrx_word' id='word_1_223' title='bbox 642 1522 715 1563; x_wconf 88' lang='lat' dir='ltr'>quid</span> <span class='ocrx_word' id='word_1_224' title='bbox 748 1522 934 1553; x_wconf 84' lang='lat' dir='ltr'>mutandum</span> <span class='ocrx_word' id='word_1_225' title='bbox 966 1525 1026 1561; x_wconf 81' lang='lat' dir='ltr'>est,</span> <span class='ocrx_word' id='word_1_226' title='bbox 1053 1520 1149 1551; x_wconf 82' lang='lat' dir='ltr'>liccat</span> <span class='ocrx_word' id='word_1_227' title='bbox 1176 1519 1251 1551; x_wconf 89' lang='lat' dir='ltr'>mihi</span> <span class='ocrx_word' id='word_1_228' title='bbox 1275 1520 1307 1550; x_wconf 88' lang='lat' dir='ltr'>iu</span> 
     </span>
     <span class='ocr_line' id='line_1_30' title="bbox 196 1575 660 1607; baseline -0.004 -1"><span class='ocrx_word' id='word_1_229' title='bbox 196 1575 277 1607; x_wconf 87' lang='lat' dir='ltr'>hunc</span> <span class='ocrx_word' id='word_1_230' title='bbox 302 1576 364 1607; x_wconf 84' lang='lat' dir='ltr'>scre</span> <span class='ocrx_word' id='word_1_231' title='bbox 388 1576 515 1606; x_wconf 88' lang='lat' dir='ltr'>modum</span> <span class='ocrx_word' id='word_1_232' title='bbox 537 1575 660 1605; x_wconf 87' lang='lat' dir='ltr'>ludere:</span> 
     </span>
    </p>

    <p class='ocr_par' dir='ltr' id='par_1_6' title="bbox 499 1616 910 1666">
     <span class='ocr_line' id='line_1_31' title="bbox 499 1616 910 1666; baseline -0.007 -10"><span class='ocrx_word' id='word_1_233' title='bbox 499 1625 592 1666; x_wconf 76' lang='grc' dir='ltr'><em>χαῖρέ</em></span> <span class='ocrx_word' id='word_1_234' title='bbox 612 1636 677 1665; x_wconf 76' lang='grc' dir='ltr'>μοι,</span> <span class='ocrx_word' id='word_1_235' title='bbox 701 1616 729 1654; x_wconf 73' lang='grc' dir='ltr'><em>ὦ</em></span> <span class='ocrx_word' id='word_1_236' title='bbox 750 1623 910 1654; x_wconf 80' lang='grc' dir='ltr'><em>καλλίστα</em></span> 
     </span>
    </p>

    <p class='ocr_par' dir='ltr' id='par_1_7' title="bbox 498 1672 975 1714">
     <span class='ocr_line' id='line_1_32' title="bbox 498 1672 975 1714; baseline -0.008 -7"><span class='ocrx_word' id='word_1_237' title='bbox 498 1676 659 1707; x_wconf 77' lang='grc' dir='ltr'><em>καλλίστα</em></span> <span class='ocrx_word' id='word_1_238' title='bbox 681 1672 768 1705; x_wconf 80' lang='grc' dir='ltr'><em>πολὺ</em></span> <span class='ocrx_word' id='word_1_239' title='bbox 790 1673 975 1714; x_wconf 73' lang='grc' dir='ltr'>παρθένων</span> 
     </span>
    </p>

    <p class='ocr_par' dir='ltr' id='par_1_8' title="bbox 499 1720 981 1767">
     <span class='ocr_line' id='line_1_33' title="bbox 499 1720 981 1767; baseline -0.008 -9"><span class='ocrx_word' id='word_1_240' title='bbox 499 1729 568 1758; x_wconf 74' lang='grc' dir='ltr'>τῶν</span> <span class='ocrx_word' id='word_1_241' title='bbox 590 1726 691 1767; x_wconf 79' lang='grc' dir='ltr'><em>μέγαν</em></span> <span class='ocrx_word' id='word_1_242' title='bbox 713 1720 785 1756; x_wconf 77' lang='grc' dir='ltr'><strong>κατ’</strong></span> <span class='ocrx_word' id='word_1_243' title='bbox 804 1721 981 1765; x_wconf 78' lang='grc' dir='ltr'><strong><em>Ὄλυμπον.</em></strong></span> 
     </span>
    </p>
   </div>
   <div class='ocr_carea' id='block_1_4' title="bbox 195 1781 1308 2123">
    <p class='ocr_par' dir='ltr' id='par_1_9' title="bbox 195 1781 1308 2123">
     <span class='ocr_line' id='line_1_34' title="bbox 195 1781 1308 1827; baseline -0.007 -8"><span class='ocrx_word' id='word_1_244' title='bbox 195 1797 298 1827; x_wconf 85' lang='lat' dir='ltr'>neque</span> <span class='ocrx_word' id='word_1_245' title='bbox 328 1790 375 1818; x_wconf 85' lang='lat' dir='ltr'>est</span> <span class='ocrx_word' id='word_1_246' title='bbox 406 1787 490 1826; x_wconf 86' lang='lat' dir='ltr'>quod</span> <span class='ocrx_word' id='word_1_247' title='bbox 518 1785 684 1817; x_wconf 80' lang='lat' dir='ltr'>Nauckius</span> <span class='ocrx_word' id='word_1_248' title='bbox 715 1787 843 1825; x_wconf 87' lang='lat' dir='ltr'>propter</span> <span class='ocrx_word' id='word_1_249' title='bbox 874 1786 1006 1814; x_wconf 85' lang='lat' dir='ltr'>metrum</span> <span class='ocrx_word' id='word_1_250' title='bbox 1038 1782 1162 1823; x_wconf 80' lang='lat' dir='ltr'>spurios</span> <span class='ocrx_word' id='word_1_251' title='bbox 1191 1781 1308 1812; x_wconf 83' lang='lat' dir='ltr'>habeat</span> 
     </span>
     <span class='ocr_line' id='line_1_35' title="bbox 195 1827 1304 1877; baseline -0.007 -7"><span class='ocrx_word' id='word_1_252' title='bbox 195 1839 290 1870; x_wconf 85' lang='lat' dir='ltr'>etiam</span> <span class='ocrx_word' id='word_1_253' title='bbox 314 1840 393 1870; x_wconf 71' lang='lat' dir='ltr'>v.63</span> <span class='ocrx_word' id='word_1_254' title='bbox 411 1835 517 1874; x_wconf 74' lang='grc' dir='ltr'><strong><em>Ζανὸς</em></strong></span> <span class='ocrx_word' id='word_1_255' title='bbox 539 1837 703 1877; x_wconf 69' lang='grc' dir='ltr'>γένεθλον</span> <span class='ocrx_word' id='word_1_256' title='bbox 726 1838 757 1866; x_wconf 84' lang='lat' dir='ltr'>et</span> <span class='ocrx_word' id='word_1_257' title='bbox 782 1836 860 1866; x_wconf 77' lang='lat' dir='ltr'>V.67</span> <span class='ocrx_word' id='word_1_258' title='bbox 887 1831 906 1865; x_wconf 79' lang='grc' dir='ltr'><em>ἃ</em></span> <span class='ocrx_word' id='word_1_259' title='bbox 928 1833 1030 1874; x_wconf 77' lang='grc' dir='ltr'><em>μέγαν</em></span> <span class='ocrx_word' id='word_1_260' title='bbox 1052 1828 1124 1864; x_wconf 51' lang='grc' dir='ltr'>κατ)</span> <span class='ocrx_word' id='word_1_261' title='bbox 1148 1827 1304 1873; x_wconf 66' lang='grc' dir='ltr'><em>οὐρανόν.</em></span> 
     </span>
     <span class='ocr_line' id='line_1_36' title="bbox 283 1915 1307 1954; baseline -0.007 -7"><span class='ocrx_word' id='word_1_262' title='bbox 283 1923 301 1953; x_wconf 88' lang='lat'>¹)</span> <span class='ocrx_word' id='word_1_263' title='bbox 321 1921 481 1954; x_wconf 81' lang='lat' dir='ltr'>Hartungus</span> <span class='ocrx_word' id='word_1_264' title='bbox 506 1920 540 1946; x_wconf 89' lang='lat' dir='ltr'>de</span> <span class='ocrx_word' id='word_1_265' title='bbox 562 1919 689 1952; x_wconf 89' lang='lat' dir='ltr'>interpol.</span> <span class='ocrx_word' id='word_1_266' title='bbox 714 1926 740 1951; x_wconf 86' lang='lat' dir='ltr'>p.</span> <span class='ocrx_word' id='word_1_267' title='bbox 759 1920 789 1943; x_wconf 80' lang='lat'>37</span> <span class='ocrx_word' id='word_1_268' title='bbox 815 1917 909 1943; x_wconf 86' lang='lat' dir='ltr'>nescio</span> <span class='ocrx_word' id='word_1_269' title='bbox 933 1924 987 1950; x_wconf 85' lang='lat' dir='ltr'>qua</span> <span class='ocrx_word' id='word_1_270' title='bbox 1013 1916 1046 1942; x_wconf 85' lang='lat' dir='ltr'>de</span> <span class='ocrx_word' id='word_1_271' title='bbox 1065 1923 1149 1941; x_wconf 80' lang='lat' dir='ltr'>causa</span> <span class='ocrx_word' id='word_1_272' title='bbox 1172 1916 1251 1941; x_wconf 80' lang='lat' dir='ltr'>uncis</span> <span class='ocrx_word' id='word_1_273' title='bbox 1269 1915 1307 1940; x_wconf 89' lang='lat' dir='ltr'>iu-</span> 
     </span>
     <span class='ocr_line' id='line_1_37' title="bbox 196 1957 1306 1995; baseline -0.007 -5"><span class='ocrx_word' id='word_1_274' title='bbox 196 1964 280 1990; x_wconf 77' lang='lat' dir='ltr'>elusit</span> <span class='ocrx_word' id='word_1_275' title='bbox 298 1964 378 1990; x_wconf 83' lang='lat' dir='ltr'>etiam</span> <span class='ocrx_word' id='word_1_276' title='bbox 398 1971 423 1989; x_wconf 87' lang='lat' dir='ltr'>v.</span> <span class='ocrx_word' id='word_1_277' title='bbox 436 1965 468 1988; x_wconf 75' lang='lat'>64</span> <span class='ocrx_word' id='word_1_278' title='bbox 486 1964 600 1992; x_wconf 76' lang='grc' dir='ltr'><em>Λατοῦς</em></span> <span class='ocrx_word' id='word_1_279' title='bbox 620 1958 727 1995; x_wconf 70' lang='grc' dir='ltr'><em>Ἄρτεμι</em></span> <span class='ocrx_word' id='word_1_280' title='bbox 745 1958 794 1986; x_wconf 83' lang='grc' dir='ltr'>καὶ</span> <span class='ocrx_word' id='word_1_281' title='bbox 812 1957 885 1990; x_wconf 71' lang='grc' dir='ltr'><em>Διός,</em></span> <span class='ocrx_word' id='word_1_282' title='bbox 905 1959 954 1985; x_wconf 84' lang='lat' dir='ltr'>sed</span> <span class='ocrx_word' id='word_1_283' title='bbox 972 1958 1001 1984; x_wconf 89' lang='lat' dir='ltr'>in</span> <span class='ocrx_word' id='word_1_284' title='bbox 1020 1957 1143 1984; x_wconf 74' lang='lat' dir='ltr'>editIOne</span> <span class='ocrx_word' id='word_1_285' title='bbox 1161 1957 1306 1991; x_wconf 85' lang='lat' dir='ltr'>Hippolyti</span> 
     </span>
     <span class='ocr_line' id='line_1_38' title="bbox 196 2007 317 2032; baseline 0 0"><span class='ocrx_word' id='word_1_286' title='bbox 196 2007 317 2032; x_wconf 88' lang='lat' dir='ltr'>retinuit.</span> 
     </span>
     <span class='ocr_line' id='line_1_39' title="bbox 280 2041 1306 2080; baseline -0.007 -7"><span class='ocrx_word' id='word_1_287' title='bbox 280 2050 302 2080; x_wconf 71' lang='grc'>2)</span> <span class='ocrx_word' id='word_1_288' title='bbox 320 2047 445 2073; x_wconf 87' lang='lat' dir='ltr'>nonnulli</span> <span class='ocrx_word' id='word_1_289' title='bbox 471 2054 518 2072; x_wconf 82' lang='lat' dir='ltr'>eos</span> <span class='ocrx_word' id='word_1_290' title='bbox 542 2053 576 2072; x_wconf 84' lang='lat' dir='ltr'>ex</span> <span class='ocrx_word' id='word_1_291' title='bbox 600 2045 763 2071; x_wconf 79' lang='lat' dir='ltr'>auctoritate</span> <span class='ocrx_word' id='word_1_292' title='bbox 787 2044 910 2070; x_wconf 86' lang='lat' dir='ltr'>codicum</span> <span class='ocrx_word' id='word_1_293' title='bbox 934 2043 955 2068; x_wconf 93' lang='lat' dir='ltr'><strong>B</strong></span> <span class='ocrx_word' id='word_1_294' title='bbox 981 2044 1008 2068; x_wconf 87' lang='lat' dir='ltr'>et</span> <span class='ocrx_word' id='word_1_295' title='bbox 1033 2042 1054 2068; x_wconf 85' lang='lat' dir='ltr'><em>C</em></span> <span class='ocrx_word' id='word_1_296' title='bbox 1076 2042 1128 2075; x_wconf 81' lang='lat' dir='ltr'>ipsi</span> <span class='ocrx_word' id='word_1_297' title='bbox 1153 2041 1306 2075; x_wconf 84' lang='lat' dir='ltr'>Hippolyto</span> 
     </span>
     <span class='ocr_line' id='line_1_40' title="bbox 196 2082 1307 2123; baseline -0.007 -7"><span class='ocrx_word' id='word_1_298' title='bbox 196 2090 355 2123; x_wconf 75' lang='lat' dir='ltr'>adsignant;</span> <span class='ocrx_word' id='word_1_299' title='bbox 374 2089 423 2115; x_wconf 81' lang='lat' dir='ltr'>sed</span> <span class='ocrx_word' id='word_1_300' title='bbox 437 2097 462 2115; x_wconf 95' lang='lat' dir='ltr'>v.</span> <span class='ocrx_word' id='word_1_301' title='bbox 473 2090 568 2114; x_wconf 35' lang='lat'>59‘01</span> <span class='ocrx_word' id='word_1_302' title='bbox 591 2087 722 2114; x_wconf 82' lang='lat' dir='ltr'>videntur</span> <span class='ocrx_word' id='word_1_303' title='bbox 739 2093 802 2113; x_wconf 80' lang='lat' dir='ltr'>esse</span> <span class='ocrx_word' id='word_1_304' title='bbox 815 2084 968 2118; x_wconf 85' lang='lat' dir='ltr'>Hippolyti,</span> <span class='ocrx_word' id='word_1_305' title='bbox 987 2092 1012 2111; x_wconf 92' lang='lat' dir='ltr'>v.</span> <span class='ocrx_word' id='word_1_306' title='bbox 1023 2086 1122 2110; x_wconf 76' lang='lat'><strong>62—72</strong></span> <span class='ocrx_word' id='word_1_307' title='bbox 1134 2082 1307 2109; x_wconf 83' lang='lat' dir='ltr'>famulorum.</span> 
     </span>
    </p>
   </div>
   <div class='ocr_carea' id='block_1_5' title="bbox 324 1898 396 1902">
    <p class='ocr_par' dir='ltr' id='par_1_10' title="bbox 324 1898 396 1902">
     <span class='ocr_line' id='line_1_41' title="bbox 324 1898 396 1902; baseline 0 0"><span class='ocrx_word' id='word_1_308' title='bbox 324 1898 396 1902; x_wconf 95' lang='lat' dir='ltr'> </span> 
     </span>
    </p>
   </div>
   <div class='ocr_carea' id='block_1_6' title="bbox 1418 0 1471 2334">
    <p class='ocr_par' dir='ltr' id='par_1_11' title="bbox 1418 0 1471 2334">
     <span class='ocr_line' id='line_1_42' title="bbox 1418 0 1471 2334; baseline 0 0"><span class='ocrx_word' id='word_1_309' title='bbox 1418 0 1471 2334; x_wconf 95' lang='lat' dir='ltr'> </span> 
     </span>
    </p>
   </div>
  </div>
 </body>
</html>
