1471 2334
1206 107 1245 136 49

129 194 233 225 nullus
256 203 365 226 versus
389 203 458 225 cum
484 196 590 225 nostra
615 192 724 223 fabula
750 192 953 233 consentit,¹)
978 192 1008 223 iu
1034 192 1243 233 Hippolytum

125 245 224 276 etiam
255 254 295 276 ex
318 245 494 286 Hippolyto
523 245 625 285 priore
657 254 751 275 uuum
786 243 834 275 rel
866 244 1001 275 alterum
1025 253 1151 274 versum
1174 252 1245 274 esse

126 295 274 335 inlatum,
313 296 497 337 praesertim
521 305 590 327 cum
621 298 838 336 argumentum
868 294 1033 334 utriusque
1057 293 1245 335 tragoediae

125 350 209 378 esset
233 347 298 379 fere
321 347 414 378 idem.
460 347 588 378 omnino
612 350 717 378 autem
742 347 782 378 ad
807 346 1013 387 Hippolytum
1038 346 1174 386 priorem
1199 354 1245 376 re-

125 397 181 429 lati
213 401 285 429 sunt
309 398 416 430 decem
440 398 518 439 loci,
553 401 583 430 et
606 398 733 438 quidem
758 407 778 428 a
803 397 1014 428 Valekenario
1038 407 1065 428 v.
1089 397 1245 435 664-68,

125 449 166 479 ab
189 449 355 489 Hartuugo
379 460 406 481 v.
431 451 593 488 447—5o,
623 449 663 479 ab
688 448 722 480 O.
745 448 864 480 Jahnio
889 459 916 479 v.
940 449 1080 487 29—33,
1113 458 1132 479 a
1156 448 1244 479 Bart-

124 499 227 540 holdo,
251 501 304 540 qui
330 500 447 531 multas
470 500 675 531 difficultates
698 499 758 530 liae
782 499 903 531 ratione
928 499 1079 530 facillime
1100 498 1244 539 expediri

124 560 216 591 posse
240 550 351 582 Philol.
369 553 408 581 345
426 561 454 591 p.
471 552 531 581 345
557 551 750 591 pronuntiat,
774 561 801 581 v.
828 551 897 590 405,
914 552 971 590 69,
995 550 1149 590 477—81,
1174 552 1244 591 500,

125 602 193 642 791,
216 602 276 632 810
300 608 331 633 et
355 603 425 643 825,
449 602 602 640 See—70,
628 602 697 641 579,
714 603 762 632 So.
818 602 843 632 si
875 605 939 633 tam
971 601 1035 632 late
1066 600 1123 632 hoe
1150 601 1243 632 inter-

123 652 293 693 polationis
316 662 417 693 genus
432 656 530 694 patet,
556 655 735 684 statuamus
758 655 889 693 oportet,
913 663 982 684 cum
1001 653 1054 692 qui
1072 652 1243 693 adscripsit

121 713 183 734 non
214 713 232 735 e
262 705 416 735 memoria
446 704 588 744 singulos
617 704 703 735 locos
727 704 950 745 adscripsisse,
974 703 1029 734 Scd
1053 704 1084 734 in
1109 703 1242 744 legendo

122 758 287 795 utramque
315 755 455 786 fabulam
487 758 562 786 ante
593 755 700 786 oculos
731 755 880 786 habuisse
912 758 942 785 et
974 755 1068 795 plane
1095 755 1177 786 inter
1208 764 1242 786 se

123 806 370 846 comparavisse.
422 806 477 837 sed
510 816 684 847 ponamus,
720 806 776 837 hoc
812 806 930 836 factum
962 816 1041 837 esse.
1095 806 1242 838 continuo

124 857 271 896 quaestio
299 857 413 897 oritur,
448 867 502 888 eur
532 857 578 888 illi
611 858 809 898 potissimum
844 867 954 888 versus
986 857 1047 888 sint
1081 857 1242 898 adscripti.

122 918 195 939 uam
226 909 253 939 si
285 909 355 948 quis
386 908 527 949 singulas
551 918 684 940 scaenas
709 909 871 948 utriusque
895 909 1080 949 tragoediae
1103 909 1185 939 inter
1208 918 1242 940 se

121 959 312 1000 conferebat,
336 960 435 991 multa
461 963 528 991 erat
549 960 648 990 citatu
664 960 812 999 digniora
828 963 924 999 atque
941 960 983 990 ad
999 960 1241 991 similitudinem

121 1014 176 1042 aut
199 1010 447 1051 discrepantiam
472 1011 622 1049 actionis,
645 1020 866 1051 personarum,
890 1020 1093 1050 scaenarum,
1117 1014 1242 1042 senten-

121 1062 235 1092 tiarum
267 1061 456 1092 cernendam
489 1062 645 1101 graviora.
699 1061 804 1102 vides,
843 1071 938 1101 quam
972 1062 1100 1093 incertis
1132 1062 1242 1093 funda-

121 1113 237 1144 mentis
268 1112 347 1144 haee
379 1113 485 1153 opinio
509 1113 634 1144 nitatur.
680 1113 736 1143 sed
759 1113 894 1143 iudicari
918 1113 957 1144 de
981 1122 1020 1144 ea
1044 1123 1106 1144 non
1129 1117 1242 1154 potest,

120 1164 304 1205 priusquam
338 1164 369 1194 in
401 1165 544 1203 singulos
572 1164 658 1195 locos
687 1164 956 1204 inquisiverimus
1001 1164 1042 1194 ad
1067 1164 1123 1195 hos
1146 1164 1241 1205 igitur

120 1226 203 1247 nunc
235 1215 412 1255 adgredior.
463 1216 494 1246 id
529 1219 634 1246 autem
667 1216 731 1246 iam
765 1215 823 1246 hoe
855 1216 922 1246 loco
951 1215 1019 1247 iure
1051 1216 1241 1247 contendere

120 1265 196 1297 mihi
221 1266 347 1306 videor,
375 1277 436 1297 non
461 1267 591 1306 quosvis
615 1276 724 1298 versus
748 1270 912 1307 suspectos
936 1267 1030 1298 licere
1055 1266 1097 1298 ad
1121 1267 1241 1308 Hippo-

119 1317 219 1358 lytum
251 1317 388 1358 priorem
420 1318 552 1358 referre,
587 1318 641 1349 sed
666 1321 787 1349 tantum
812 1328 881 1358 eos,
916 1319 969 1358 qui
994 1320 1038 1349 ita
1062 1319 1240 1359 comparati

119 1371 199 1408 suut,
222 1371 255 1399 ut
278 1378 347 1399 cum
365 1369 474 1409 aliqua
498 1369 725 1409 probabilitate
748 1370 836 1401 locus
860 1369 994 1401 indicari
1015 1369 1123 1410 possit,
1146 1380 1239 1410 quem

118 1419 150 1450 in
179 1419 288 1450 fabula
318 1419 375 1450 illa
404 1420 603 1451 obtinuerint.
649 1421 733 1460 qnod
758 1421 783 1451 si
807 1424 868 1461 est,
904 1420 1041 1462 suspicio
1068 1420 1239 1461 Bartholdi,

119 1480 146 1501 V.
168 1471 302 1510 -16S‚69
338 1466 415 1502 olidi
450 1471 571 1513 στέγην
603 1467 665 1512 γὰρ
699 1465 736 1512 ἧς
770 1477 966 1513 κατηρεᾳεῑς
1000 1469 1094 1512 (δόμοι
1129 1474 1241 1509 καλῶς
1276 1478 1408 1508 v.1t·»s‚ae;¹.u

119 1516 338 1561 ἄκριβώσειαν
362 1522 497 1553 fortasse
521 1522 563 1553 ad
580 1522 789 1564 Hippolytum
813 1523 951 1563 priorem
971 1532 1041 1554 esse
1058 1523 1239 1554 referendos

118 1573 260 1613 putantis
276 1573 315 1604 M.
332 1573 430 1604 Rhen.
447 1575 482 1604 31
503 1584 531 1614 p.
550 1575 619 1614 327,
643 1574 728 1604 iusta
751 1574 873 1605 ratione
898 1578 991 1606 caret.
1036 1574 1147 1605 eodem
1172 1574 1239 1606 fere

118 1623 185 1654 iure
214 1624 269 1655 illa
298 1624 396 1655 verba
427 1624 470 1655 ad
502 1634 761 1664 unamquamque
785 1625 986 1665 tragoediam
1011 1625 1169 1666 perditam
1193 1635 1238 1657 re—

119 1674 191 1705 ferri
217 1678 355 1715 possent.
389 1676 443 1706 sed
469 1685 565 1716 supra
593 1676 730 1706 vidimus
746 1685 793 1715 ea,
817 1676 878 1707 levi
896 1676 1071 1707 mutatione
1088 1676 1240 1717 admissa,

118 1734 189 1756 esse
221 1725 394 1757 retinenda.
439 1727 534 1757 etiam
567 1727 606 1758 de
631 1737 658 1757 v.
683 1728 742 1757 825
772 1730 803 1758 et
833 1728 892 1757 sio
922 1730 953 1758 et
977 1727 1015 1759 de
1039 1737 1067 1759 v.
1092 1728 1237 1759 566—70

116 1775 180 1806 iam
205 1776 323 1807 dictum
348 1779 408 1817 est,
432 1778 583 1816 quoniam
608 1787 646 1808 ex
671 1777 896 1818 disputationis
921 1778 1030 1810 ordine
1053 1779 1150 1810 eximi
1174 1790 1236 1810 non

117 1830 271 1867 poterant.
315 1838 398 1859 nunc
422 1827 518 1867 igitur
540 1838 601 1858 non
627 1828 667 1859 de
691 1828 769 1868 ipsis
793 1829 947 1870 versibus,
971 1830 1026 1860 sed
1051 1833 1172 1861 tautum
1197 1831 1237 1862 de

205 1922 224 1952 ¹)
242 1920 276 1946 ab
300 1920 361 1954 ipso
389 1920 518 1954 Euripide
544 1928 642 1947 versus
672 1921 771 1954 prioris
795 1922 926 1948 dramatis
950 1923 1076 1948 consulto
1101 1923 1158 1949 fere
1181 1931 1236 1949 non

116 1970 179 1988 esse
203 1963 337 1996 repetitos
362 1963 387 1988 in
408 1963 494 1989 altero
516 1963 580 1989 inde
600 1964 713 1996 colligo,
734 1964 807 1997 quod
832 1972 902 1997 quae
921 1963 1082 1997 fragmentis
1102 1968 1160 1996 442,
1180 1968 1236 1999 445,

117 2007 166 2030 ⁴49
184 2005 211 2030 in
231 2008 326 2031 nostra
339 2005 482 2037 tragoedia
501 2006 678 2038 respondent,
697 2010 793 2040 aperto
810 2007 925 2033 consilio
944 2008 1022 2034 aliter
1040 2007 1157 2034 formata
1174 2016 1237 2035 esse

117 2047 247 2074 videntur
269 2050 343 2080 (nam
368 2048 443 2082 quod
469 2048 552 2082 Hipp.
576 2051 624 2074 925
652 2049 777 2076 similiter
802 2049 858 2075 exit
881 2054 965 2083 atque
988 2049 1052 2084 frgt.
1077 2053 1135 2082 441,
1158 2054 1165 2076 l
1193 2053 1236 2077 est

122 2089 284 2122 levidense).
322 2090 371 2116 sed
390 2090 440 2117 hoc
459 2091 493 2116 ad
513 2094 635 2117 nostram
655 2092 845 2125 quaestionem
864 2101 918 2118 non
938 2093 1065 2126 pertinet.
