1471 2334
235 137 275 167 26

235 220 382 260 praefero
413 223 518 252 autem
551 220 652 261 11001)
706 220 751 251 ita
782 230 890 252 onmes
920 220 1112 252 offensiones
1134 221 1286 252 tolluntur
1314 224 1345 252 et

236 271 322 311 origo
353 271 550 312 corruptelae
582 271 674 302 facile
706 271 890 311 explicatur.
943 275 1110 312 postquam
1141 271 1224 302 enim
1249 272 1346 313 στέγῃ

235 325 361 363 propter
384 322 621 353 collocationem
645 322 771 352 transiit
793 322 825 352 in
849 322 978 363 στέγην,
1005 322 1156 353 librarius
1180 322 1277 353 verba
1301 332 1346 353 se-

235 373 364 412 quentia
399 369 441 403 ἂι·
475 379 670 414 κατηρεφεῖς
702 370 824 413 δόμους
861 372 1120 404 animadvertens
1143 383 1205 404 non
1239 373 1346 404 iuncta

234 433 305 454 esse
327 433 397 454 cum
422 424 549 465 στέγην,
572 423 707 454 mutavit
730 423 761 453 111
785 417 820 464 ἧς
843 429 1036 465 κατηρεφεῖς
1060 421 1163 464 δόμοι.

236 492 299 522 Cur
319 492 416 523 verba
440 492 484 528 εἰς
507 491 539 523 δὲ
564 488 626 532 τὴν
650 489 750 533 τύχην
773 487 907 523 πεσοῦσ)
924 488 1005 533 ὅσην
1030 490 1068 523 σύ
1093 493 1164 529 πῶς
1188 488 1228 523 ἂν
1251 491 1301 522 ἕκ-

972 543 1086 574 νεῦσαι
1110 543 1237 580 δοκεῖς,-

235 618 372 649 delenda
390 619 460 658 siut,
477 618 670 649 Bartholdus
686 622 749 650 tres
765 619 868 650 adfert
890 628 1012 650 causas.
1056 619 1190 660 primum
1209 618 1348 658 offendit,

235 669 319 708 quod
342 669 454 700 eadem
486 679 502 700 0
531 669 623 700 malis
651 670 741 709 quasi
773 680 790 701 e
818 670 963 701 fluctibus
986 670 1138 701 enatandi
1162 669 1348 710 metophora

235 723 376 751 recurrat
399 729 427 750 v.
452 721 616 760 822—24,
649 720 756 760 ibique
787 721 885 751 multo
916 720 1040 761 plenius
1069 724 1164 760 atque
1187 720 1348 761 pulchrius

235 771 370 811 depicta.
415 771 469 802 sed
487 771 633 812 repetitio
650 771 828 802 sententiae
844 782 905 802 11011
929 771 1064 802 molesta
1086 774 1142 811 est,
1165 774 1196 802 et
1218 771 1347 802 verbum

235 821 338 852 ἕκνέω
355 822 483 862 saepius
500 821 847 862 significat„evadere“,
871 822 1059 862 metaphora
1077 821 1149 853 aliis
1165 821 1269 853 verbis
1285 831 1348 852 nou

235 873 385 903 indicata.
430 872 466 904 cf.
484 872 569 913 Cycl.
586 875 655 903 577.
700 873 814 904 deinde
830 873 873 904 ad
888 869 992 914 τύχην
1008 873 1055 904 ait
1070 872 1183 904 vitiose
1199 872 1350 904 accedere

235 923 419 964 articulum,
449 934 518 954 01111]
551 927 702 963 sequatur
732 920 823 965 ὅσην.
874 924 1056 955 rectissime.
1100 924 1156 955 sed
1179 922 1349 954 difficultas

235 974 457 1005 emendatione
492 975 634 1005 tollenda
665 978 720 1005 est.
778 975 984 1015 Gomperzius
1021 975 1147 1014 quidem
1185 974 1350 1015 proposuit

235 1025 280 1061 dg
309 1023 465 1056 κλύδωνα
497 1025 531 1056 δὲ
558 1021 695 1057 πεσοῦσ’
727 1022 809 1057 ὅσον
834 1023 887 1066 σύ,
913 1026 969 1056 sed
993 1025 1167 1066 simplicius
1190 1025 1258 1056 1000
1282 1034 1349 1056 suc-

235 1086 359 1107 currere
389 1076 465 1107 mihi
496 1076 606 1108 videor
629 1077 807 1108 scribendo:

327 1144 372 1182 εἰς
395 1144 429 1175 δὲ
452 1141 515 1186 τὴν
537 1142 639 1186 τύχην
661 1141 806 1185 πεσοῦό,
830 1144 861 1181 ἐς
884 1141 924 1186 ἣν
948 1153 987 1175 συ
1011 1154 1052 1176 se.
1076 1144 1263 1181 πέπτωκας.

236 1222 372 1251 namque
395 1212 427 1249 ἐς
458 1213 489 1243 111
521 1213 660 1243 secunda
690 1213 770 1244 thesi
803 1212 935 1244 trimetri
974 1222 1070 1253 saepe
1100 1212 1233 1243 occurrit
1263 1211 1350 1252 apud

236 1262 421 1304 Euripidem
452 1264 487 1294 cf.
512 1263 577 1295 Alc.
600 1264 670 1302 680,
693 1263 788 1295 Andr.
801 1264 849 1303 48,
874 1263 986 1295 Bacch.
1013 1265 1100 1303 1073,
1132 1263 1227 1303 Hipp.
1249 1263 1287 1292 25
1319 1265 1351 1293 et

237 1315 298 1345 829
322 1314 402 1345 Med.
426 1315 485 1344 265
510 1317 567 1345 etc.
606 1314 745 1354 denique
769 1314 960 1345 Bartholdus
984 1317 1090 1355 putat,
1112 1314 1284 1353 nutricem,
1315 1316 1350 1344 ut

237 1364 414 1395 Phaedram
438 1365 480 1395 ad
503 1374 642 1396 amorem
675 1365 855 1396 satiandum
880 1365 1000 1405 incitet,
1031 1375 1093 1395 non
1116 1374 1209 1405 posse
1232 1364 1350 1395 dicere:

240 1415 415 1456 „quomodo
438 1425 476 1446 ex
500 1415 559 1446 hac
582 1419 672 1446 tanta
695 1416 879 1446 calamitate
902 1420 931 1447 te
948 1416 1070 1446 salvam
1094 1424 1263 1446 evasuram
1281 1424 1351 1446 esse

236 1476 348 1507 speras
372 1476 412 1498 sc.
436 1467 505 1498 sine
536 1467 692 1497 castitatis
726 1470 800 1498 tuae
831 1466 969 1506 quodam
993 1465 1238 1505 deti-imento‘?⁴‘,
1275 1475 1349 1505 quo-

236 1518 322 1548 niam
349 1517 496 1548 Phaedra
519 1527 552 1548 se
575 1518 713 1548 evadere
748 1527 809 1547 non
840 1527 932 1557 posse
964 1517 1083 1548 dudum
1105 1516 1298 1548 intellexerit
1319 1519 1351 1547 et

236 1568 275 1599 ob
299 1568 331 1599 id
355 1569 457 1609 ipsum
482 1569 560 1599 mori
577 1568 783 1600 constituerit.
828 1568 951 1608 speeies
968 1567 1058 1598 huius
1074 1567 1254 1607 argumenti
1278 1577 1351 1598 eva—

237 1622 351 1654 noscet,
375 1620 401 1650 si
424 1620 519 1650 totius
543 1619 603 1650 loci
626 1619 763 1650 indolem
781 1623 928 1650 accurate
952 1619 1269 1650 consideraverimus.
1306 1618 1351 1648 in-

237 1679 351 1701 sanam
375 1680 445 1701 esse
468 1670 630 1709 nutricem,
653 1670 687 1709 si,
711 1673 744 1700 ut
767 1669 945 1701 Phaedram
969 1669 1011 1700 ad
1035 1679 1173 1700 amorem
1197 1668 1351 1706 incitaret,

237 1721 358 1761 absque
382 1721 507 1752 virtutis
531 1720 716 1752 detrimento
741 1721 797 1751 hoc
820 1720 884 1752 fieri
916 1730 977 1751 11011
1002 1730 1095 1761 posse
1119 1724 1198 1752 ultro
1222 1719 1351 1750 demon-

237 1775 360 1810 straret,
384 1772 530 1803 concedo.
573 1772 628 1803 sed
652 1775 684 1802 ut
708 1775 786 1803 ultro
811 1771 869 1802 1100
885 1771 1024 1812 proferat
1047 1774 1169 1802 tantum
1193 1770 1294 1810 abest,
1317 1773 1351 1801 ut

237 1823 279 1853 ad
302 1823 333 1853 id
356 1823 458 1853 solmn
483 1825 613 1863 spectet,
636 1823 719 1862 quod
736 1825 830 1853 antea
847 1826 915 1861 ipsa
932 1825 1082 1862 Phaedra,
1106 1832 1145 1853 ne
1169 1820 1349 1852 castitatem

237 1873 386 1913 laederet,
418 1873 477 1904 sibi
509 1873 706 1904 moriendum
740 1882 811 1904 esse
834 1876 1024 1913 exposuerat
1058 1872 1109 1913 (cf.
1136 1882 1161 1904 v.
1184 1874 1254 1912 400,
1276 1873 1350 1911 403,

238 1925 307 1964 420,
331 1923 413 1964 430).
458 1923 516 1955 hoc
538 1924 634 1963 igitur
657 1924 762 1955 nutrix
787 1934 814 1954 v.
829 1925 975 1954 462—72
999 1923 1045 1954 ita
1067 1923 1211 1954 refellere
1235 1922 1350 1962 studet,

325 2025 344 2056 ¹)
363 2020 396 2049 ἂν
415 2032 465 2057 pro
485 2024 516 2057 ἧς
534 2024 655 2050 restituit
682 2024 762 2049 etiam
782 2024 925 2057 Gomperz.
944 2024 971 2049 in
992 2022 1197 2056 ,‚Sitzungsber.
1216 2022 1241 2048 d.
1260 2020 1350 2048 Acad.

238 2066 263 2092 d.
275 2066 317 2092 W.
337 2074 370 2091 zu
386 2066 480 2092 wien*
504 2069 565 2092 1575
585 2069 648 2092 tom.
669 2068 700 2092 80
714 2075 739 2099 p.
753 2069 798 2092 751
812 2074 843 2098 s.,
862 2067 904 2092 cui
920 2070 1007 2092 tamen
1021 2065 1152 2091 scribenti
1165 2061 1229 2091 οὐδὲ
1244 2061 1350 2098 στέγην

238 2106 292 2141 γὰρ
313 2105 346 2134 ἂν
365 2110 512 2141 κατηρεφῆ
532 2110 626 2139 δοκοῖς
643 2105 738 2134 κανών
758 2105 948 2142 α’κριβώσειεν
973 2107 1106 2133 adsentiri
1130 2115 1183 2132 uon
1202 2114 1324 2140 possum.
