<?xml version="1.0" encoding="UTF-8"?>
<!DOCTYPE html PUBLIC "-//W3C//DTD XHTML 1.0 Transitional//EN"
    "http://www.w3.org/TR/xhtml1/DTD/xhtml1-transitional.dtd">
<html xmlns="http://www.w3.org/1999/xhtml" xml:lang="en" lang="en">
 <head>
  <title>
</title>
<meta http-equiv="Content-Type" content="text/html;charset=utf-8" />
  <meta name='ocr-system' content='tesseract 3.04.00' />
  <meta name='ocr-capabilities' content='ocr_page ocr_carea ocr_par ocr_line ocrx_word'/>
</head>
<body>
  <div class='ocr_page' id='page_1' title='image "./deinterpolatione00glouoft_0047.png"; bbox 0 0 1471 2334; ppageno 0'>
   <div class='ocr_carea' id='block_1_1' title="bbox 1217 87 1256 117">
    <p class='ocr_par' dir='ltr' id='par_1_1' title="bbox 1217 87 1256 117">
     <span class='ocr_line' id='line_1_1' title="bbox 1217 87 1256 117; baseline 0 0"><span class='ocrx_word' id='word_1_1' title='bbox 1217 87 1256 117; x_wconf 83' lang='lat'>39</span> 
     </span>
    </p>
   </div>
   <div class='ocr_carea' id='block_1_2' title="bbox 138 169 1257 319">
    <p class='ocr_par' dir='ltr' id='par_1_2' title="bbox 138 169 1257 319">
     <span class='ocr_line' id='line_1_2' title="bbox 139 169 1256 214; baseline -0.006 -5"><span class='ocrx_word' id='word_1_2' title='bbox 139 177 198 209; x_wconf 82' lang='lat' dir='ltr'>dici</span> <span class='ocrx_word' id='word_1_3' title='bbox 228 177 348 209; x_wconf 83' lang='lat' dir='ltr'>versari</span> <span class='ocrx_word' id='word_1_4' title='bbox 381 176 411 207; x_wconf 89' lang='lat' dir='ltr'>in</span> <span class='ocrx_word' id='word_1_5' title='bbox 448 175 637 207; x_wconf 71' lang='lat' dir='ltr'>necessitate</span> <span class='ocrx_word' id='word_1_6' title='bbox 669 178 765 214; x_wconf 85' lang='lat' dir='ltr'>atquc</span> <span class='ocrx_word' id='word_1_7' title='bbox 796 174 923 204; x_wconf 75' lang='lat' dir='ltr'>miseria</span> <span class='ocrx_word' id='word_1_8' title='bbox 953 171 1052 214; x_wconf 66' lang='grc' dir='ltr'>(ἔχειν</span> <span class='ocrx_word' id='word_1_9' title='bbox 1084 169 1256 213; x_wconf 69' lang='grc' dir='ltr'>ἀνάγκην).</span> 
     </span>
     <span class='ocr_line' id='line_1_3' title="bbox 139 224 1257 268; baseline -0.004 -9"><span class='ocrx_word' id='word_1_10' title='bbox 139 228 373 260; x_wconf 69' lang='lat' dir='ltr'>desideraretur</span> <span class='ocrx_word' id='word_1_11' title='bbox 389 227 494 268; x_wconf 88' lang='lat' dir='ltr'>potius</span> <span class='ocrx_word' id='word_1_12' title='bbox 512 226 701 257; x_wconf 79' lang='lat' dir='ltr'>contrarium</span> <span class='ocrx_word' id='word_1_13' title='bbox 726 236 804 265; x_wconf 85' lang='lat' dir='ltr'>„uon</span> <span class='ocrx_word' id='word_1_14' title='bbox 829 224 1024 265; x_wconf 76' lang='lat' dir='ltr'>c‹uup1·imit“</span> <span class='ocrx_word' id='word_1_15' title='bbox 1048 227 1103 255; x_wconf 86' lang='lat' dir='ltr'>aut</span> <span class='ocrx_word' id='word_1_16' title='bbox 1123 224 1257 264; x_wconf 80' lang='lat' dir='ltr'>„frustra</span> 
     </span>
     <span class='ocr_line' id='line_1_4' title="bbox 138 275 1256 319; baseline -0.003 -10"><span class='ocrx_word' id='word_1_17' title='bbox 138 282 269 311; x_wconf 86' lang='lat' dir='ltr'>conatur</span> <span class='ocrx_word' id='word_1_18' title='bbox 292 278 525 319; x_wconf 78' lang='lat' dir='ltr'>corripi-iruere··.</span> <span class='ocrx_word' id='word_1_19' title='bbox 579 277 661 308; x_wconf 79' lang='lat' dir='ltr'>idcnr</span> <span class='ocrx_word' id='word_1_20' title='bbox 694 276 779 308; x_wconf 82' lang='lat' dir='ltr'>cadit</span> <span class='ocrx_word' id='word_1_21' title='bbox 806 276 837 307; x_wconf 88' lang='lat' dir='ltr'>in</span> <span class='ocrx_word' id='word_1_22' title='bbox 862 275 1019 315; x_wconf 81' lang='lat' dir='ltr'>Hartungi</span> <span class='ocrx_word' id='word_1_23' title='bbox 1043 275 1256 306; x_wconf 76' lang='lat' dir='ltr'>coniecturam</span> 
     </span>
    </p>
   </div>
   <div class='ocr_carea' id='block_1_3' title="bbox 137 321 1256 423">
    <p class='ocr_par' dir='ltr' id='par_1_3' title="bbox 137 321 1256 423">
     <span class='ocr_line' id='line_1_5' title="bbox 139 321 1256 372; baseline -0.005 -10"><span class='ocrx_word' id='word_1_24' title='bbox 139 331 285 372; x_wconf 66' lang='grc' dir='ltr'>στέργειν</span> <span class='ocrx_word' id='word_1_25' title='bbox 310 325 439 371; x_wconf 72' lang='grc' dir='ltr'><em>ἀνάγκη</em></span> <span class='ocrx_word' id='word_1_26' title='bbox 464 326 492 361; x_wconf 74' lang='grc' dir='ltr'>δ’</span> <span class='ocrx_word' id='word_1_27' title='bbox 515 328 577 360; x_wconf 61' lang='grc' dir='ltr'>εἴη</span> <span class='ocrx_word' id='word_1_28' title='bbox 594 355 598 359; x_wconf 96' lang='grc'><em>.</em></span> <span class='ocrx_word' id='word_1_29' title='bbox 614 354 638 359; x_wconf 89' lang='grc'>..</span> <span class='ocrx_word' id='word_1_30' title='bbox 664 331 693 359; x_wconf 78' lang='lat' dir='ltr'>ct</span> <span class='ocrx_word' id='word_1_31' title='bbox 718 329 748 358; x_wconf 89' lang='lat' dir='ltr'>iu</span> <span class='ocrx_word' id='word_1_32' title='bbox 768 325 960 359; x_wconf 79' lang='lat' dir='ltr'>lleirusoethi</span> <span class='ocrx_word' id='word_1_33' title='bbox 983 325 1043 367; x_wconf 69' lang='grc' dir='ltr'>ἔχει</span> <span class='ocrx_word' id='word_1_34' title='bbox 1062 321 1090 357; x_wconf 69' lang='grc' dir='ltr'>δ’</span> <span class='ocrx_word' id='word_1_35' title='bbox 1108 321 1256 367; x_wconf 66' lang='grc' dir='ltr'>ἀνάγκην</span> 
     </span>
     <span class='ocr_line' id='line_1_6' title="bbox 137 377 1256 423; baseline -0.005 -10"><span class='ocrx_word' id='word_1_36' title='bbox 137 383 202 419; x_wconf 78' lang='grc' dir='ltr'>πᾶς</span> <span class='ocrx_word' id='word_1_37' title='bbox 215 379 232 413; x_wconf 80' lang='grc' dir='ltr'>ὁ</span> <span class='ocrx_word' id='word_1_38' title='bbox 249 378 425 423; x_wconf 68' lang='grc' dir='ltr'><em>κηδεύσας·</em></span> <span class='ocrx_word' id='word_1_39' title='bbox 444 380 574 416; x_wconf 53' lang='grc' dir='ltr'><em>κεὸἰιοῖς</em></span> <span class='ocrx_word' id='word_1_40' title='bbox 589 405 594 410; x_wconf 97' lang='grc'><em>.</em></span> <span class='ocrx_word' id='word_1_41' title='bbox 610 406 614 410; x_wconf 91' lang='grc'>.</span> <span class='ocrx_word' id='word_1_42' title='bbox 630 405 634 410; x_wconf 93' lang='grc'><strong>,</strong></span> <span class='ocrx_word' id='word_1_43' title='bbox 651 405 656 410; x_wconf 95' lang='grc'><em>.</em></span> <span class='ocrx_word' id='word_1_44' title='bbox 682 381 811 420; x_wconf 80' lang='lat' dir='ltr'>propter</span> <span class='ocrx_word' id='word_1_45' title='bbox 823 378 925 418; x_wconf 65' lang='grc' dir='ltr'><em>πιέζει</em></span> <span class='ocrx_word' id='word_1_46' title='bbox 942 377 1036 418; x_wconf 74' lang='lat' dir='ltr'>igitur</span> <span class='ocrx_word' id='word_1_47' title='bbox 1049 377 1123 408; x_wconf 81' lang='lat' dir='ltr'>mihi</span> <span class='ocrx_word' id='word_1_48' title='bbox 1138 379 1256 408; x_wconf 84' lang='lat' dir='ltr'>eertum</span> 
     </span>
    </p>
   </div>
   <div class='ocr_carea' id='block_1_4' title="bbox 137 425 1259 2108">
    <p class='ocr_par' dir='ltr' id='par_1_4' title="bbox 137 425 1259 1344">
     <span class='ocr_line' id='line_1_7' title="bbox 138 425 1258 472; baseline -0.005 -8"><span class='ocrx_word' id='word_1_49' title='bbox 138 436 199 471; x_wconf 84' lang='lat' dir='ltr'>cst,</span> <span class='ocrx_word' id='word_1_50' title='bbox 222 442 293 464; x_wconf 86' lang='lat' dir='ltr'>euru</span> <span class='ocrx_word' id='word_1_51' title='bbox 319 431 372 472; x_wconf 84' lang='lat' dir='ltr'>qui</span> <span class='ocrx_word' id='word_1_52' title='bbox 397 431 522 472; x_wconf 75' lang='lat' dir='ltr'>scripsit</span> <span class='ocrx_word' id='word_1_53' title='bbox 545 430 643 461; x_wconf 77' lang='lat' dir='ltr'>verba</span> <span class='ocrx_word' id='word_1_54' title='bbox 666 428 728 470; x_wconf 67' lang='grc' dir='ltr'>ἔχει</span> <span class='ocrx_word' id='word_1_55' title='bbox 753 425 916 470; x_wconf 72' lang='grc' dir='ltr'>ἀνάγκην,</span> <span class='ocrx_word' id='word_1_56' title='bbox 942 439 1004 459; x_wconf 89' lang='lat' dir='ltr'>nou</span> <span class='ocrx_word' id='word_1_57' title='bbox 1029 428 1117 460; x_wconf 85' lang='lat' dir='ltr'>aliud</span> <span class='ocrx_word' id='word_1_58' title='bbox 1140 438 1180 459; x_wconf 86' lang='lat' dir='ltr'>ca</span> <span class='ocrx_word' id='word_1_59' title='bbox 1204 438 1258 458; x_wconf 90' lang='lat' dir='ltr'>va-</span> 
     </span>
     <span class='ocr_line' id='line_1_8' title="bbox 139 475 1257 523; baseline -0.004 -9"><span class='ocrx_word' id='word_1_60' title='bbox 139 484 202 516; x_wconf 84' lang='lat' dir='ltr'>lere</span> <span class='ocrx_word' id='word_1_61' title='bbox 226 483 375 523; x_wconf 81' lang='lat' dir='ltr'>voluisse,</span> <span class='ocrx_word' id='word_1_62' title='bbox 397 482 459 513; x_wconf 89' lang='lat' dir='ltr'>nisi</span> <span class='ocrx_word' id='word_1_63' title='bbox 483 477 709 522; x_wconf 69' lang='grc' dir='ltr'>ἀναγκάζεται.</span> <span class='ocrx_word' id='word_1_64' title='bbox 756 485 852 521; x_wconf 85' lang='lat' dir='ltr'>atque</span> <span class='ocrx_word' id='word_1_65' title='bbox 873 484 1061 512; x_wconf 74' lang='lat' dir='ltr'>structuram</span> <span class='ocrx_word' id='word_1_66' title='bbox 1079 478 1140 520; x_wconf 71' lang='grc' dir='ltr'><em>ἔχει</em></span> <span class='ocrx_word' id='word_1_67' title='bbox 1159 475 1257 521; x_wconf 75' lang='grc' dir='ltr'>ἀνάγ-</span> 
     </span>
     <span class='ocr_line' id='line_1_9' title="bbox 138 531 1257 576; baseline -0.004 -10"><span class='ocrx_word' id='word_1_68' title='bbox 138 546 200 576; x_wconf 80' lang='grc' dir='ltr'>κην</span> <span class='ocrx_word' id='word_1_69' title='bbox 223 531 305 566; x_wconf 73' lang='grc' dir='ltr'>ὥστε</span> <span class='ocrx_word' id='word_1_70' title='bbox 330 534 390 565; x_wconf 85' lang='lat' dir='ltr'>etsi</span> <span class='ocrx_word' id='word_1_71' title='bbox 414 533 608 573; x_wconf 84' lang='lat' dir='ltr'>singularem</span> <span class='ocrx_word' id='word_1_72' title='bbox 633 542 702 563; x_wconf 85' lang='lat' dir='ltr'>esse</span> <span class='ocrx_word' id='word_1_73' title='bbox 726 532 860 571; x_wconf 71' lang='lat' dir='ltr'>largior,</span> <span class='ocrx_word' id='word_1_74' title='bbox 889 535 995 562; x_wconf 82' lang='lat' dir='ltr'>tamen</span> <span class='ocrx_word' id='word_1_75' title='bbox 1027 531 1088 572; x_wconf 80' lang='lat' dir='ltr'>ipsi</span> <span class='ocrx_word' id='word_1_76' title='bbox 1111 531 1257 572; x_wconf 82' lang='lat' dir='ltr'>Euripidi</span> 
     </span>
     <span class='ocr_line' id='line_1_10' title="bbox 138 582 1256 624; baseline -0.002 -8"><span class='ocrx_word' id='word_1_77' title='bbox 138 585 338 617; x_wconf 83' lang='lat' dir='ltr'>tribuendam</span> <span class='ocrx_word' id='word_1_78' title='bbox 370 584 528 616; x_wconf 83' lang='lat' dir='ltr'>existimo.</span> <span class='ocrx_word' id='word_1_79' title='bbox 581 586 719 614; x_wconf 85' lang='lat' dir='ltr'>ceterum</span> <span class='ocrx_word' id='word_1_80' title='bbox 748 583 786 614; x_wconf 86' lang='lat' dir='ltr'>cf.</span> <span class='ocrx_word' id='word_1_81' title='bbox 818 593 845 614; x_wconf 77' lang='lat' dir='ltr'>v.</span> <span class='ocrx_word' id='word_1_82' title='bbox 874 584 967 623; x_wconf 77' lang='lat'>1327,</span> <span class='ocrx_word' id='word_1_83' title='bbox 996 582 1090 624; x_wconf 69' lang='lat' dir='ltr'>soph.</span> <span class='ocrx_word' id='word_1_84' title='bbox 1123 582 1198 614; x_wconf 88' lang='lat' dir='ltr'>Oed.</span> <span class='ocrx_word' id='word_1_85' title='bbox 1223 584 1256 614; x_wconf 79' lang='lat' dir='ltr'>G.</span> 
     </span>
     <span class='ocr_line' id='line_1_11' title="bbox 142 634 1257 676; baseline -0.002 -9"><span class='ocrx_word' id='word_1_86' title='bbox 142 638 228 676; x_wconf 80' lang='lat'>1350,</span> <span class='ocrx_word' id='word_1_87' title='bbox 252 636 342 667; x_wconf 90' lang='lat' dir='ltr'>Hom.</span> <span class='ocrx_word' id='word_1_88' title='bbox 365 635 400 666; x_wconf 91' lang='lat' dir='ltr'>Il.</span> <span class='ocrx_word' id='word_1_89' title='bbox 422 635 474 675; x_wconf 85' lang='lat' dir='ltr'>IX,</span> <span class='ocrx_word' id='word_1_90' title='bbox 499 636 547 666; x_wconf 77' lang='lat'>42.</span> <span class='ocrx_word' id='word_1_91' title='bbox 599 644 702 674; x_wconf 87' lang='lat' dir='ltr'>neque</span> <span class='ocrx_word' id='word_1_92' title='bbox 733 634 926 665; x_wconf 75' lang='lat' dir='ltr'>indicativus</span> <span class='ocrx_word' id='word_1_93' title='bbox 950 637 1015 665; x_wconf 78' lang='lat' dir='ltr'>taur</span> <span class='ocrx_word' id='word_1_94' title='bbox 1040 634 1191 665; x_wconf 84' lang='lat' dir='ltr'>molestus</span> <span class='ocrx_word' id='word_1_95' title='bbox 1215 634 1257 665; x_wconf 90' lang='lat' dir='ltr'>vi-</span> 
     </span>
     <span class='ocr_line' id='line_1_12' title="bbox 137 685 1257 727; baseline -0.002 -8"><span class='ocrx_word' id='word_1_96' title='bbox 137 688 240 727; x_wconf 78' lang='lat' dir='ltr'>detur,</span> <span class='ocrx_word' id='word_1_97' title='bbox 271 690 304 718; x_wconf 91' lang='lat' dir='ltr'>ut</span> <span class='ocrx_word' id='word_1_98' title='bbox 336 689 558 727; x_wconf 84' lang='lat' dir='ltr'>argumentum</span> <span class='ocrx_word' id='word_1_99' title='bbox 589 685 846 726; x_wconf 81' lang='lat' dir='ltr'>interpolationis</span> <span class='ocrx_word' id='word_1_100' title='bbox 878 695 916 716; x_wconf 85' lang='lat' dir='ltr'>ex</span> <span class='ocrx_word' id='word_1_101' title='bbox 949 695 986 716; x_wconf 85' lang='lat' dir='ltr'>eo</span> <span class='ocrx_word' id='word_1_102' title='bbox 1018 685 1116 726; x_wconf 86' lang='lat' dir='ltr'>repeti</span> <span class='ocrx_word' id='word_1_103' title='bbox 1148 686 1257 726; x_wconf 79' lang='lat' dir='ltr'>possit.</span> 
     </span>
     <span class='ocr_line' id='line_1_13' title="bbox 137 736 1257 777; baseline -0.004 -7"><span class='ocrx_word' id='word_1_104' title='bbox 137 739 194 770; x_wconf 85' lang='lat' dir='ltr'>sed</span> <span class='ocrx_word' id='word_1_105' title='bbox 219 737 412 770; x_wconf 68' lang='lat' dir='ltr'>Bartholdus</span> <span class='ocrx_word' id='word_1_106' title='bbox 435 737 545 768; x_wconf 83' lang='lat' dir='ltr'>haeret</span> <span class='ocrx_word' id='word_1_107' title='bbox 568 737 665 768; x_wconf 87' lang='lat' dir='ltr'>etiam</span> <span class='ocrx_word' id='word_1_108' title='bbox 690 736 720 767; x_wconf 91' lang='lat' dir='ltr'>in</span> <span class='ocrx_word' id='word_1_109' title='bbox 744 736 887 777; x_wconf 70' lang='grc' dir='ltr'><strong><em>χαίρων.</em></strong></span> <span class='ocrx_word' id='word_1_110' title='bbox 917 736 959 767; x_wconf 84' lang='lat' dir='ltr'>ad</span> <span class='ocrx_word' id='word_1_111' title='bbox 989 736 1072 776; x_wconf 80' lang='lat' dir='ltr'>quod</span> <span class='ocrx_word' id='word_1_112' title='bbox 1104 746 1121 767; x_wconf 89' lang='lat' dir='ltr'>e</span> <span class='ocrx_word' id='word_1_113' title='bbox 1152 736 1257 768; x_wconf 76' lang='lat' dir='ltr'>verbis</span> 
     </span>
     <span class='ocr_line' id='line_1_14' title="bbox 137 785 1255 832; baseline -0.003 -10"><span class='ocrx_word' id='word_1_114' title='bbox 137 786 299 832; x_wconf 67' lang='grc' dir='ltr'>κηδεύσας</span> <span class='ocrx_word' id='word_1_115' title='bbox 336 790 451 825; x_wconf 75' lang='grc' dir='ltr'><em>καλοῖς</em></span> <span class='ocrx_word' id='word_1_116' title='bbox 487 789 660 829; x_wconf 76' lang='grc' dir='ltr'><em>γαμβροῖσι</em></span> <span class='ocrx_word' id='word_1_117' title='bbox 696 798 757 818; x_wconf 87' lang='lat' dir='ltr'>non</span> <span class='ocrx_word' id='word_1_118' title='bbox 798 787 898 829; x_wconf 75' lang='lat' dir='ltr'>possit</span> <span class='ocrx_word' id='word_1_119' title='bbox 937 788 1077 829; x_wconf 83' lang='lat' dir='ltr'>suppleri</span> <span class='ocrx_word' id='word_1_120' title='bbox 1116 785 1255 825; x_wconf 77' lang='grc' dir='ltr'><em>τούτοις.</em></span> 
     </span>
     <span class='ocr_line' id='line_1_15' title="bbox 137 838 1259 881; baseline -0.003 -8"><span class='ocrx_word' id='word_1_121' title='bbox 137 841 195 873; x_wconf 87' lang='lat' dir='ltr'>sed</span> <span class='ocrx_word' id='word_1_122' title='bbox 218 851 272 873; x_wconf 84' lang='lat' dir='ltr'>cur</span> <span class='ocrx_word' id='word_1_123' title='bbox 295 841 337 871; x_wconf 87' lang='lat' dir='ltr'>ad</span> <span class='ocrx_word' id='word_1_124' title='bbox 361 840 504 871; x_wconf 77' lang='lat' dir='ltr'>dativum</span> <span class='ocrx_word' id='word_1_125' title='bbox 528 841 644 876; x_wconf 73' lang='grc' dir='ltr'><em>καλοῖς</em></span> <span class='ocrx_word' id='word_1_126' title='bbox 667 841 841 881; x_wconf 71' lang='grc' dir='ltr'><em>γαμβροῖσι.</em></span> <span class='ocrx_word' id='word_1_127' title='bbox 865 849 927 870; x_wconf 86' lang='lat' dir='ltr'>nou</span> <span class='ocrx_word' id='word_1_128' title='bbox 951 843 1083 879; x_wconf 77' lang='lat' dir='ltr'>possunt</span> <span class='ocrx_word' id='word_1_129' title='bbox 1106 838 1259 870; x_wconf 86' lang='lat' dir='ltr'>accedere</span> 
     </span>
     <span class='ocr_line' id='line_1_16' title="bbox 137 890 1258 933; baseline -0.002 -10"><span class='ocrx_word' id='word_1_130' title='bbox 137 893 199 924; x_wconf 90' lang='lat' dir='ltr'>duo</span> <span class='ocrx_word' id='word_1_131' title='bbox 223 891 393 933; x_wconf 86' lang='lat' dir='ltr'>participia</span> <span class='ocrx_word' id='word_1_132' title='bbox 411 890 467 921; x_wconf 85' lang='lat' dir='ltr'>hoe</span> <span class='ocrx_word' id='word_1_133' title='bbox 483 890 548 922; x_wconf 83' lang='lat' dir='ltr'>fere</span> <span class='ocrx_word' id='word_1_134' title='bbox 569 900 680 922; x_wconf 82' lang='lat' dir='ltr'>sensu:</span> <span class='ocrx_word' id='word_1_135' title='bbox 706 890 870 930; x_wconf 72' lang='lat' dir='ltr'>⁷,gaudens</span> <span class='ocrx_word' id='word_1_136' title='bbox 884 890 973 921; x_wconf 85' lang='lat' dir='ltr'>bonis</span> <span class='ocrx_word' id='word_1_137' title='bbox 990 890 1156 930; x_wconf 86' lang='lat' dir='ltr'>adfinibus,</span> <span class='ocrx_word' id='word_1_138' title='bbox 1180 900 1258 930; x_wconf 84' lang='lat' dir='ltr'>quos</span> 
     </span>
     <span class='ocr_line' id='line_1_17' title="bbox 138 941 1258 982; baseline -0.002 -8"><span class='ocrx_word' id='word_1_139' title='bbox 138 946 248 974; x_wconf 87' lang='lat' dir='ltr'>nactus</span> <span class='ocrx_word' id='word_1_140' title='bbox 281 946 345 974; x_wconf 73' lang='lat' dir='ltr'>est“</span> <span class='ocrx_word' id='word_1_141' title='bbox 382 942 432 973; x_wconf 82' lang='lat' dir='ltr'>vel</span> <span class='ocrx_word' id='word_1_142' title='bbox 470 945 599 980; x_wconf 78' lang='lat' dir='ltr'>„nactus</span> <span class='ocrx_word' id='word_1_143' title='bbox 623 952 692 972; x_wconf 88' lang='lat' dir='ltr'>cum</span> <span class='ocrx_word' id='word_1_144' title='bbox 721 942 839 982; x_wconf 80' lang='lat' dir='ltr'>gaudio</span> <span class='ocrx_word' id='word_1_145' title='bbox 864 941 963 973; x_wconf 87' lang='lat' dir='ltr'>bonos</span> <span class='ocrx_word' id='word_1_146' title='bbox 991 941 1157 973; x_wconf 69' lang='lat' dir='ltr'>adfincs“&#39;?</span> <span class='ocrx_word' id='word_1_147' title='bbox 1195 952 1258 972; x_wconf 88' lang='lat' dir='ltr'>uon</span> 
     </span>
     <span class='ocr_line' id='line_1_18' title="bbox 137 992 1257 1035; baseline -0.001 -10"><span class='ocrx_word' id='word_1_148' title='bbox 137 994 246 1035; x_wconf 83' lang='lat' dir='ltr'>ignoro</span> <span class='ocrx_word' id='word_1_149' title='bbox 272 994 369 1025; x_wconf 86' lang='lat' dir='ltr'>etiam</span> <span class='ocrx_word' id='word_1_150' title='bbox 399 992 628 1025; x_wconf 78' lang='lat' dir='ltr'>Kirclilioffium</span> <span class='ocrx_word' id='word_1_151' title='bbox 659 993 691 1024; x_wconf 89' lang='lat' dir='ltr'>iu</span> <span class='ocrx_word' id='word_1_152' title='bbox 724 992 784 1024; x_wconf 88' lang='lat' dir='ltr'>hac</span> <span class='ocrx_word' id='word_1_153' title='bbox 813 996 970 1024; x_wconf 72' lang='lat' dir='ltr'>structura</span> <span class='ocrx_word' id='word_1_154' title='bbox 998 993 1153 1024; x_wconf 86' lang='lat' dir='ltr'>offensum</span> <span class='ocrx_word' id='word_1_155' title='bbox 1178 1003 1257 1024; x_wconf 85' lang='lat' dir='ltr'>esse.</span> 
     </span>
     <span class='ocr_line' id='line_1_19' title="bbox 138 1044 1256 1085; baseline -0.001 -9"><span class='ocrx_word' id='word_1_156' title='bbox 138 1045 194 1077; x_wconf 84' lang='lat' dir='ltr'>sed</span> <span class='ocrx_word' id='word_1_157' title='bbox 216 1046 325 1082; x_wconf 70' lang='grc' dir='ltr'><em>καλῶς</em></span> <span class='ocrx_word' id='word_1_158' title='bbox 348 1044 389 1076; x_wconf 88' lang='lat' dir='ltr'>ab</span> <span class='ocrx_word' id='word_1_159' title='bbox 413 1055 449 1076; x_wconf 86' lang='lat' dir='ltr'>eo</span> <span class='ocrx_word' id='word_1_160' title='bbox 466 1045 664 1085; x_wconf 83' lang='lat' dir='ltr'>propositum</span> <span class='ocrx_word' id='word_1_161' title='bbox 681 1048 850 1085; x_wconf 86' lang='lat' dir='ltr'>propterea</span> <span class='ocrx_word' id='word_1_162' title='bbox 866 1047 914 1076; x_wconf 82' lang='lat' dir='ltr'>est</span> <span class='ocrx_word' id='word_1_163' title='bbox 930 1044 1148 1085; x_wconf 79' lang='lat' dir='ltr'>improbabile,</span> <span class='ocrx_word' id='word_1_164' title='bbox 1172 1044 1256 1084; x_wconf 84' lang='lat' dir='ltr'>quod</span> 
     </span>
     <span class='ocr_line' id='line_1_20' title="bbox 138 1091 1257 1137; baseline -0.001 -9"><span class='ocrx_word' id='word_1_165' title='bbox 138 1097 263 1128; x_wconf 78' lang='lat' dir='ltr'>elucere</span> <span class='ocrx_word' id='word_1_166' title='bbox 287 1096 421 1136; x_wconf 79' lang='lat' dir='ltr'>videtur,</span> <span class='ocrx_word' id='word_1_167' title='bbox 445 1095 495 1126; x_wconf 89' lang='lat' dir='ltr'>hic</span> <span class='ocrx_word' id='word_1_168' title='bbox 518 1096 600 1126; x_wconf 87' lang='lat' dir='ltr'>inter</span> <span class='ocrx_word' id='word_1_169' title='bbox 623 1106 657 1126; x_wconf 86' lang='lat' dir='ltr'>sc</span> <span class='ocrx_word' id='word_1_170' title='bbox 688 1096 804 1137; x_wconf 86' lang='lat' dir='ltr'>opponi</span> <span class='ocrx_word' id='word_1_171' title='bbox 829 1091 1016 1137; x_wconf 56' lang='grc' dir='ltr'>πενθεροὺς</span> <span class='ocrx_word' id='word_1_172' title='bbox 1041 1091 1257 1135; x_wconf 49' lang='lat' dir='ltr'>simmaa-g</span> 
     </span>
     <span class='ocr_line' id='line_1_21' title="bbox 138 1145 1258 1188; baseline -0.001 -9"><span class='ocrx_word' id='word_1_173' title='bbox 138 1152 169 1180; x_wconf 82' lang='lat' dir='ltr'>et</span> <span class='ocrx_word' id='word_1_174' title='bbox 191 1150 336 1184; x_wconf 77' lang='grc' dir='ltr'><em>καλοῖς</em></span> <span class='ocrx_word' id='word_1_175' title='bbox 359 1148 542 1188; x_wconf 73' lang='grc' dir='ltr'><em>γαμβροῖσι.</em></span> <span class='ocrx_word' id='word_1_176' title='bbox 589 1156 691 1186; x_wconf 83' lang='lat' dir='ltr'>neque</span> <span class='ocrx_word' id='word_1_177' title='bbox 722 1145 858 1187; x_wconf 67' lang='grc' dir='ltr'><em>σώζεται</em></span> <span class='ocrx_word' id='word_1_178' title='bbox 883 1147 1055 1178; x_wconf 80' lang='lat' dir='ltr'>Bartholdo</span> <span class='ocrx_word' id='word_1_179' title='bbox 1079 1147 1191 1178; x_wconf 88' lang='lat' dir='ltr'>mirum</span> <span class='ocrx_word' id='word_1_180' title='bbox 1216 1147 1258 1178; x_wconf 67' lang='lat' dir='ltr'>vi&lt;</span> 
     </span>
     <span class='ocr_line' id='line_1_22' title="bbox 139 1196 1259 1239; baseline 0 -10"><span class='ocrx_word' id='word_1_181' title='bbox 139 1199 205 1231; x_wconf 89' lang='lat' dir='ltr'>deri</span> <span class='ocrx_word' id='word_1_182' title='bbox 235 1198 380 1230; x_wconf 81' lang='lat' dir='ltr'>debebat.</span> <span class='ocrx_word' id='word_1_183' title='bbox 432 1207 506 1228; x_wconf 80' lang='lat' dir='ltr'>nain</span> <span class='ocrx_word' id='word_1_184' title='bbox 539 1197 610 1238; x_wconf 79' lang='lat' dir='ltr'>frgt.</span> <span class='ocrx_word' id='word_1_185' title='bbox 635 1200 711 1238; x_wconf 73' lang='lat'>406,</span> <span class='ocrx_word' id='word_1_186' title='bbox 736 1201 753 1228; x_wconf 77' lang='grc' dir='ltr'>ὃ</span> <span class='ocrx_word' id='word_1_187' title='bbox 785 1196 925 1238; x_wconf 63' lang='grc' dir='ltr'><em>ἐσώζετο</em></span> <span class='ocrx_word' id='word_1_188' title='bbox 952 1208 1083 1239; x_wconf 85' lang='lat' dir='ltr'>prorsus</span> <span class='ocrx_word' id='word_1_189' title='bbox 1113 1198 1259 1229; x_wconf 77' lang='lat' dir='ltr'>similiter</span> 
     </span>
     <span class='ocr_line' id='line_1_23' title="bbox 139 1245 1257 1291; baseline -0.002 -9"><span class='ocrx_word' id='word_1_190' title='bbox 139 1254 320 1291; x_wconf 86' lang='lat' dir='ltr'>usurpatur.</span> <span class='ocrx_word' id='word_1_191' title='bbox 363 1250 467 1290; x_wconf 74' lang='grc' dir='ltr'><em>πιέζει</em></span> <span class='ocrx_word' id='word_1_192' title='bbox 484 1253 590 1281; x_wconf 87' lang='lat' dir='ltr'>autem</span> <span class='ocrx_word' id='word_1_193' title='bbox 609 1249 635 1281; x_wconf 88' lang='lat' dir='ltr'>si</span> <span class='ocrx_word' id='word_1_194' title='bbox 652 1250 790 1290; x_wconf 88' lang='lat' dir='ltr'>pendere</span> <span class='ocrx_word' id='word_1_195' title='bbox 808 1249 941 1281; x_wconf 78' lang='lat' dir='ltr'>facimus</span> <span class='ocrx_word' id='word_1_196' title='bbox 965 1250 1005 1281; x_wconf 88' lang='lat' dir='ltr'>ab</span> <span class='ocrx_word' id='word_1_197' title='bbox 1030 1248 1091 1291; x_wconf 73' lang='grc' dir='ltr'>ἔχει</span> <span class='ocrx_word' id='word_1_198' title='bbox 1114 1245 1142 1281; x_wconf 77' lang='grc' dir='ltr'>δ’</span> <span class='ocrx_word' id='word_1_199' title='bbox 1158 1245 1257 1290; x_wconf 71' lang='grc' dir='ltr'><em>ἀνάγ-</em></span> 
     </span>
     <span class='ocr_line' id='line_1_24' title="bbox 139 1297 1085 1344; baseline -0.001 -11"><span class='ocrx_word' id='word_1_200' title='bbox 139 1313 202 1344; x_wconf 80' lang='grc' dir='ltr'>κην</span> <span class='ocrx_word' id='word_1_201' title='bbox 225 1297 318 1339; x_wconf 80' lang='grc' dir='ltr'><em>ὥστε,</em></span> <span class='ocrx_word' id='word_1_202' title='bbox 341 1311 404 1332; x_wconf 87' lang='lat' dir='ltr'>non</span> <span class='ocrx_word' id='word_1_203' title='bbox 427 1300 662 1332; x_wconf 86' lang='lat' dir='ltr'>incommodum</span> <span class='ocrx_word' id='word_1_204' title='bbox 686 1310 756 1332; x_wconf 88' lang='lat' dir='ltr'>esse</span> <span class='ocrx_word' id='word_1_205' title='bbox 779 1311 875 1341; x_wconf 87' lang='lat' dir='ltr'>supra</span> <span class='ocrx_word' id='word_1_206' title='bbox 899 1300 1085 1342; x_wconf 74' lang='lat' dir='ltr'>significavi.</span> 
     </span>
    </p>

    <p class='ocr_par' dir='ltr' id='par_1_5' title="bbox 137 1351 1258 2108">
     <span class='ocr_line' id='line_1_25' title="bbox 223 1351 1258 1392; baseline -0.001 -8"><span class='ocrx_word' id='word_1_207' title='bbox 223 1353 291 1384; x_wconf 88' lang='lat' dir='ltr'>Iam</span> <span class='ocrx_word' id='word_1_208' title='bbox 319 1362 394 1384; x_wconf 76' lang='lat' dir='ltr'>vero</span> <span class='ocrx_word' id='word_1_209' title='bbox 427 1352 472 1383; x_wconf 84' lang='lat' dir='ltr'>ait</span> <span class='ocrx_word' id='word_1_210' title='bbox 496 1351 690 1383; x_wconf 84' lang='lat' dir='ltr'>Bartholdus</span> <span class='ocrx_word' id='word_1_211' title='bbox 725 1362 836 1383; x_wconf 79' lang='lat' dir='ltr'>revera</span> <span class='ocrx_word' id='word_1_212' title='bbox 866 1363 928 1383; x_wconf 87' lang='lat' dir='ltr'>non</span> <span class='ocrx_word' id='word_1_213' title='bbox 959 1362 1088 1383; x_wconf 86' lang='lat' dir='ltr'>necesse</span> <span class='ocrx_word' id='word_1_214' title='bbox 1111 1361 1196 1392; x_wconf 78' lang='lat' dir='ltr'>esse,</span> <span class='ocrx_word' id='word_1_215' title='bbox 1225 1356 1258 1383; x_wconf 93' lang='lat' dir='ltr'>ut</span> 
     </span>
     <span class='ocr_line' id='line_1_26' title="bbox 138 1403 1258 1444; baseline 0 -9"><span class='ocrx_word' id='word_1_216' title='bbox 138 1404 307 1444; x_wconf 80' lang='lat' dir='ltr'>quisquam</span> <span class='ocrx_word' id='word_1_217' title='bbox 332 1403 452 1435; x_wconf 88' lang='lat' dir='ltr'>malam</span> <span class='ocrx_word' id='word_1_218' title='bbox 478 1412 607 1434; x_wconf 79' lang='lat' dir='ltr'>uxorem</span> <span class='ocrx_word' id='word_1_219' title='bbox 631 1403 776 1434; x_wconf 86' lang='lat' dir='ltr'>retineat.</span> <span class='ocrx_word' id='word_1_220' title='bbox 822 1406 914 1444; x_wconf 84' lang='lat' dir='ltr'>putat-</span> <span class='ocrx_word' id='word_1_221' title='bbox 930 1403 1034 1444; x_wconf 80' lang='lat' dir='ltr'>igitur,</span> <span class='ocrx_word' id='word_1_222' title='bbox 1058 1404 1133 1443; x_wconf 88' lang='lat' dir='ltr'>quia</span> <span class='ocrx_word' id='word_1_223' title='bbox 1151 1403 1258 1435; x_wconf 84' lang='lat' dir='ltr'>malae</span> 
     </span>
     <span class='ocr_line' id='line_1_27' title="bbox 137 1454 1256 1496; baseline -0.001 -10"><span class='ocrx_word' id='word_1_224' title='bbox 137 1455 277 1487; x_wconf 84' lang='lat' dir='ltr'>feminae</span> <span class='ocrx_word' id='word_1_225' title='bbox 292 1455 449 1486; x_wconf 87' lang='lat' dir='ltr'>interdum</span> <span class='ocrx_word' id='word_1_226' title='bbox 466 1464 527 1485; x_wconf 87' lang='lat' dir='ltr'>non</span> <span class='ocrx_word' id='word_1_227' title='bbox 544 1454 747 1493; x_wconf 84' lang='lat' dir='ltr'>retineantur,</span> <span class='ocrx_word' id='word_1_228' title='bbox 764 1454 820 1486; x_wconf 84' lang='lat' dir='ltr'>sed</span> <span class='ocrx_word' id='word_1_229' title='bbox 840 1454 1047 1495; x_wconf 79' lang='lat' dir='ltr'>expellantur,</span> <span class='ocrx_word' id='word_1_230' title='bbox 1071 1454 1256 1496; x_wconf 87' lang='lat' dir='ltr'>Euripidem</span> 
     </span>
     <span class='ocr_line' id='line_1_28' title="bbox 138 1504 1256 1547; baseline 0 -10"><span class='ocrx_word' id='word_1_231' title='bbox 138 1516 199 1537; x_wconf 90' lang='lat' dir='ltr'>non</span> <span class='ocrx_word' id='word_1_232' title='bbox 229 1506 370 1547; x_wconf 88' lang='lat' dir='ltr'>potuisse</span> <span class='ocrx_word' id='word_1_233' title='bbox 398 1506 502 1537; x_wconf 81' lang='lat' dir='ltr'>dicere</span> <span class='ocrx_word' id='word_1_234' title='bbox 530 1505 628 1537; x_wconf 72' lang='lat' dir='ltr'>verba</span> <span class='ocrx_word' id='word_1_235' title='bbox 657 1504 850 1546; x_wconf 65' lang='grc' dir='ltr'><em>ἕχει-λέχος.</em></span> <span class='ocrx_word' id='word_1_236' title='bbox 897 1505 953 1537; x_wconf 88' lang='lat' dir='ltr'>sed</span> <span class='ocrx_word' id='word_1_237' title='bbox 978 1509 1072 1546; x_wconf 85' lang='lat' dir='ltr'>poeta</span> <span class='ocrx_word' id='word_1_238' title='bbox 1099 1516 1162 1536; x_wconf 88' lang='lat' dir='ltr'>non</span> <span class='ocrx_word' id='word_1_239' title='bbox 1190 1509 1256 1537; x_wconf 88' lang='lat' dir='ltr'>tam</span> 
     </span>
     <span class='ocr_line' id='line_1_29' title="bbox 137 1556 1258 1597; baseline -0.001 -9"><span class='ocrx_word' id='word_1_240' title='bbox 137 1557 262 1588; x_wconf 81' lang='lat' dir='ltr'>subtilis</span> <span class='ocrx_word' id='word_1_241' title='bbox 285 1566 355 1589; x_wconf 86' lang='lat' dir='ltr'>esse</span> <span class='ocrx_word' id='word_1_242' title='bbox 378 1557 480 1596; x_wconf 87' lang='lat' dir='ltr'>debet,</span> <span class='ocrx_word' id='word_1_243' title='bbox 503 1560 537 1587; x_wconf 83' lang='lat' dir='ltr'>ut</span> <span class='ocrx_word' id='word_1_244' title='bbox 559 1557 591 1587; x_wconf 90' lang='lat' dir='ltr'>in</span> <span class='ocrx_word' id='word_1_245' title='bbox 615 1557 780 1588; x_wconf 65' lang='lat' dir='ltr'>sententiis</span> <span class='ocrx_word' id='word_1_246' title='bbox 803 1556 1005 1597; x_wconf 77' lang='lat' dir='ltr'>generalibus</span> <span class='ocrx_word' id='word_1_247' title='bbox 1021 1556 1258 1588; x_wconf 80' lang='lat' dir='ltr'>conformandis</span> 
     </span>
     <span class='ocr_line' id='line_1_30' title="bbox 138 1607 1257 1648; baseline 0.001 -10"><span class='ocrx_word' id='word_1_248' title='bbox 138 1608 277 1639; x_wconf 87' lang='lat' dir='ltr'>omnium</span> <span class='ocrx_word' id='word_1_249' title='bbox 302 1617 426 1647; x_wconf 89' lang='lat' dir='ltr'>eorum,</span> <span class='ocrx_word' id='word_1_250' title='bbox 457 1617 540 1647; x_wconf 88' lang='lat' dir='ltr'>quae</span> <span class='ocrx_word' id='word_1_251' title='bbox 571 1607 717 1639; x_wconf 82' lang='lat' dir='ltr'>accidere</span> <span class='ocrx_word' id='word_1_252' title='bbox 749 1611 895 1648; x_wconf 78' lang='lat' dir='ltr'>possunt,</span> <span class='ocrx_word' id='word_1_253' title='bbox 926 1618 1050 1639; x_wconf 85' lang='lat' dir='ltr'>morose</span> <span class='ocrx_word' id='word_1_254' title='bbox 1081 1618 1120 1639; x_wconf 87' lang='lat' dir='ltr'>ac</span> <span class='ocrx_word' id='word_1_255' title='bbox 1148 1608 1257 1648; x_wconf 87' lang='lat' dir='ltr'>putide</span> 
     </span>
     <span class='ocr_line' id='line_1_31' title="bbox 140 1658 1257 1700; baseline 0.001 -11"><span class='ocrx_word' id='word_1_256' title='bbox 140 1658 256 1690; x_wconf 82' lang='lat' dir='ltr'>habeat</span> <span class='ocrx_word' id='word_1_257' title='bbox 286 1659 450 1690; x_wconf 87' lang='lat' dir='ltr'>rationem.</span> <span class='ocrx_word' id='word_1_258' title='bbox 496 1658 585 1690; x_wconf 81' lang='lat' dir='ltr'>addit</span> <span class='ocrx_word' id='word_1_259' title='bbox 608 1659 817 1698; x_wconf 74' lang='lat' dir='ltr'>BartholduS,</span> <span class='ocrx_word' id='word_1_260' title='bbox 847 1658 1064 1700; x_wconf 79' lang='lat' dir='ltr'>Hippolytum,</span> <span class='ocrx_word' id='word_1_261' title='bbox 1094 1669 1164 1690; x_wconf 86' lang='lat' dir='ltr'>cum</span> <span class='ocrx_word' id='word_1_262' title='bbox 1197 1659 1257 1690; x_wconf 84' lang='lat' dir='ltr'>hac</span> 
     </span>
     <span class='ocr_line' id='line_1_32' title="bbox 138 1710 1258 1750; baseline 0.001 -10"><span class='ocrx_word' id='word_1_263' title='bbox 138 1713 205 1740; x_wconf 88' lang='lat' dir='ltr'>tota</span> <span class='ocrx_word' id='word_1_264' title='bbox 229 1710 372 1741; x_wconf 88' lang='lat' dir='ltr'>oratione</span> <span class='ocrx_word' id='word_1_265' title='bbox 396 1720 490 1750; x_wconf 83' lang='lat' dir='ltr'>quarn</span> <span class='ocrx_word' id='word_1_266' title='bbox 515 1710 720 1742; x_wconf 71' lang='lat' dir='ltr'>acerbissime</span> <span class='ocrx_word' id='word_1_267' title='bbox 737 1711 767 1741; x_wconf 91' lang='lat' dir='ltr'>in</span> <span class='ocrx_word' id='word_1_268' title='bbox 790 1720 899 1742; x_wconf 81' lang='lat' dir='ltr'>omnes</span> <span class='ocrx_word' id='word_1_269' title='bbox 916 1711 1064 1742; x_wconf 75' lang='lat' dir='ltr'>mulieres</span> <span class='ocrx_word' id='word_1_270' title='bbox 1080 1711 1258 1750; x_wconf 86' lang='lat' dir='ltr'>invehatur,</span> 
     </span>
     <span class='ocr_line' id='line_1_33' title="bbox 138 1761 1257 1801; baseline 0.001 -10"><span class='ocrx_word' id='word_1_271' title='bbox 138 1771 200 1791; x_wconf 88' lang='lat' dir='ltr'>non</span> <span class='ocrx_word' id='word_1_272' title='bbox 224 1770 318 1801; x_wconf 83' lang='lat' dir='ltr'>posse</span> <span class='ocrx_word' id='word_1_273' title='bbox 342 1761 459 1792; x_wconf 89' lang='lat' dir='ltr'>diserte</span> <span class='ocrx_word' id='word_1_274' title='bbox 482 1761 654 1793; x_wconf 79' lang='lat' dir='ltr'>concedere</span> <span class='ocrx_word' id='word_1_275' title='bbox 679 1772 707 1792; x_wconf 74' lang='lat' dir='ltr'>v.</span> <span class='ocrx_word' id='word_1_276' title='bbox 731 1763 792 1792; x_wconf 74' lang='lat'>646</span> <span class='ocrx_word' id='word_1_277' title='bbox 805 1772 842 1801; x_wconf 81' lang='lat' dir='ltr'>s.,</span> <span class='ocrx_word' id='word_1_278' title='bbox 868 1762 966 1793; x_wconf 85' lang='lat' dir='ltr'>etiam</span> <span class='ocrx_word' id='word_1_279' title='bbox 991 1762 1090 1793; x_wconf 87' lang='lat' dir='ltr'>bonas</span> <span class='ocrx_word' id='word_1_280' title='bbox 1113 1761 1257 1793; x_wconf 83' lang='lat' dir='ltr'>inveniri.</span> 
     </span>
     <span class='ocr_line' id='line_1_34' title="bbox 139 1811 1257 1853; baseline 0.001 -11"><span class='ocrx_word' id='word_1_281' title='bbox 139 1815 173 1842; x_wconf 91' lang='lat' dir='ltr'>at</span> <span class='ocrx_word' id='word_1_282' title='bbox 196 1812 392 1853; x_wconf 80' lang='lat' dir='ltr'>Hippolytus</span> <span class='ocrx_word' id='word_1_283' title='bbox 419 1811 469 1843; x_wconf 84' lang='lat' dir='ltr'>hic</span> <span class='ocrx_word' id='word_1_284' title='bbox 497 1822 559 1843; x_wconf 87' lang='lat' dir='ltr'>non</span> <span class='ocrx_word' id='word_1_285' title='bbox 583 1812 767 1853; x_wconf 84' lang='lat' dir='ltr'>simpliciter</span> <span class='ocrx_word' id='word_1_286' title='bbox 789 1812 937 1844; x_wconf 87' lang='lat' dir='ltr'>adfirmat</span> <span class='ocrx_word' id='word_1_287' title='bbox 969 1813 1064 1844; x_wconf 86' lang='lat' dir='ltr'>etiam</span> <span class='ocrx_word' id='word_1_288' title='bbox 1089 1813 1189 1844; x_wconf 85' lang='lat' dir='ltr'>bonas</span> <span class='ocrx_word' id='word_1_289' title='bbox 1213 1812 1257 1843; x_wconf 89' lang='lat' dir='ltr'>in-</span> 
     </span>
     <span class='ocr_line' id='line_1_35' title="bbox 139 1862 1256 1905; baseline 0.001 -12"><span class='ocrx_word' id='word_1_290' title='bbox 139 1863 254 1896; x_wconf 78' lang='lat' dir='ltr'>veniri.</span> <span class='ocrx_word' id='word_1_291' title='bbox 284 1863 339 1894; x_wconf 86' lang='lat' dir='ltr'>sed</span> <span class='ocrx_word' id='word_1_292' title='bbox 369 1862 470 1893; x_wconf 86' lang='lat' dir='ltr'>omnis</span> <span class='ocrx_word' id='word_1_293' title='bbox 501 1863 594 1894; x_wconf 85' lang='lat' dir='ltr'>huius</span> <span class='ocrx_word' id='word_1_294' title='bbox 621 1863 777 1895; x_wconf 82' lang='lat' dir='ltr'>enuntiati</span> <span class='ocrx_word' id='word_1_295' title='bbox 808 1864 856 1895; x_wconf 77' lang='lat' dir='ltr'>vis</span> <span class='ocrx_word' id='word_1_296' title='bbox 883 1864 915 1894; x_wconf 89' lang='lat' dir='ltr'>in</span> <span class='ocrx_word' id='word_1_297' title='bbox 939 1874 975 1895; x_wconf 91' lang='lat' dir='ltr'>eo</span> <span class='ocrx_word' id='word_1_298' title='bbox 1000 1865 1104 1905; x_wconf 87' lang='lat' dir='ltr'>posita</span> <span class='ocrx_word' id='word_1_299' title='bbox 1128 1868 1192 1904; x_wconf 83' lang='lat' dir='ltr'>est,</span> <span class='ocrx_word' id='word_1_300' title='bbox 1222 1867 1256 1895; x_wconf 90' lang='lat' dir='ltr'>ut</span> 
     </span>
     <span class='ocr_line' id='line_1_36' title="bbox 139 1913 1256 1955; baseline 0.002 -11"><span class='ocrx_word' id='word_1_301' title='bbox 139 1913 233 1953; x_wconf 87' lang='lat' dir='ltr'>dicat,</span> <span class='ocrx_word' id='word_1_302' title='bbox 256 1917 374 1945; x_wconf 74' lang='lat' dir='ltr'>etiamsi</span> <span class='ocrx_word' id='word_1_303' title='bbox 397 1914 509 1945; x_wconf 86' lang='lat' dir='ltr'>mulier</span> <span class='ocrx_word' id='word_1_304' title='bbox 532 1914 571 1945; x_wconf 83' lang='lat' dir='ltr'>sit</span> <span class='ocrx_word' id='word_1_305' title='bbox 594 1914 695 1955; x_wconf 88' lang='lat' dir='ltr'>bona,</span> <span class='ocrx_word' id='word_1_306' title='bbox 725 1918 832 1946; x_wconf 87' lang='lat' dir='ltr'>tamen</span> <span class='ocrx_word' id='word_1_307' title='bbox 862 1915 1030 1946; x_wconf 76' lang='lat' dir='ltr'>conubium</span> <span class='ocrx_word' id='word_1_308' title='bbox 1054 1915 1163 1955; x_wconf 88' lang='lat' dir='ltr'>utique</span> <span class='ocrx_word' id='word_1_309' title='bbox 1185 1924 1256 1946; x_wconf 86' lang='lat' dir='ltr'>esse</span> 
     </span>
     <span class='ocr_line' id='line_1_37' title="bbox 139 1965 1255 2007; baseline 0.001 -11"><span class='ocrx_word' id='word_1_310' title='bbox 139 1965 256 1996; x_wconf 84' lang='lat' dir='ltr'>malam</span> <span class='ocrx_word' id='word_1_311' title='bbox 281 1974 355 1996; x_wconf 89' lang='lat' dir='ltr'>rem.</span> <span class='ocrx_word' id='word_1_312' title='bbox 399 1966 556 1996; x_wconf 87' lang='lat' dir='ltr'>sententia</span> <span class='ocrx_word' id='word_1_313' title='bbox 580 1965 662 1996; x_wconf 89' lang='lat' dir='ltr'>enim</span> <span class='ocrx_word' id='word_1_314' title='bbox 686 1965 779 1997; x_wconf 88' lang='lat' dir='ltr'>huius</span> <span class='ocrx_word' id='word_1_315' title='bbox 799 1966 858 1997; x_wconf 85' lang='lat' dir='ltr'>loci</span> <span class='ocrx_word' id='word_1_316' title='bbox 874 1970 921 1998; x_wconf 89' lang='lat' dir='ltr'>est</span> <span class='ocrx_word' id='word_1_317' title='bbox 937 1966 1030 1998; x_wconf 88' lang='lat' dir='ltr'>haec:</span> <span class='ocrx_word' id='word_1_318' title='bbox 1054 1967 1108 2007; x_wconf 88' lang='lat' dir='ltr'>qui</span> <span class='ocrx_word' id='word_1_319' title='bbox 1124 1976 1255 1997; x_wconf 83' lang='lat' dir='ltr'>uxorem</span> 
     </span>
     <span class='ocr_line' id='line_1_38' title="bbox 138 2015 1257 2058; baseline 0.002 -12"><span class='ocrx_word' id='word_1_320' title='bbox 138 2015 239 2055; x_wconf 86' lang='lat' dir='ltr'>ducit,</span> <span class='ocrx_word' id='word_1_321' title='bbox 270 2016 378 2055; x_wconf 86' lang='lat' dir='ltr'>utique</span> <span class='ocrx_word' id='word_1_322' title='bbox 406 2016 437 2046; x_wconf 91' lang='lat' dir='ltr'>in</span> <span class='ocrx_word' id='word_1_323' title='bbox 470 2016 686 2048; x_wconf 82' lang='lat' dir='ltr'>calamitatem</span> <span class='ocrx_word' id='word_1_324' title='bbox 710 2017 855 2056; x_wconf 65' lang='lat' dir='ltr'>incurrit,</span> <span class='ocrx_word' id='word_1_325' title='bbox 884 2028 958 2048; x_wconf 85' lang='lat' dir='ltr'>nam</span> <span class='ocrx_word' id='word_1_326' title='bbox 987 2018 1012 2049; x_wconf 86' lang='lat' dir='ltr'>si</span> <span class='ocrx_word' id='word_1_327' title='bbox 1037 2028 1098 2048; x_wconf 90' lang='lat' dir='ltr'>non</span> <span class='ocrx_word' id='word_1_328' title='bbox 1124 2018 1257 2058; x_wconf 82' lang='lat' dir='ltr'>utrique,</span> 
     </span>
     <span class='ocr_line' id='line_1_39' title="bbox 138 2067 1254 2108; baseline 0.002 -11"><span class='ocrx_word' id='word_1_329' title='bbox 138 2070 170 2097; x_wconf 82' lang='lat' dir='ltr'>at</span> <span class='ocrx_word' id='word_1_330' title='bbox 195 2070 278 2098; x_wconf 77' lang='lat' dir='ltr'>certe</span> <span class='ocrx_word' id='word_1_331' title='bbox 301 2071 355 2097; x_wconf 87' lang='lat' dir='ltr'>aut</span> <span class='ocrx_word' id='word_1_332' title='bbox 386 2067 457 2108; x_wconf 87' lang='lat' dir='ltr'>ipsa</span> <span class='ocrx_word' id='word_1_333' title='bbox 487 2067 599 2099; x_wconf 85' lang='lat' dir='ltr'>mulier</span> <span class='ocrx_word' id='word_1_334' title='bbox 628 2070 683 2098; x_wconf 87' lang='lat' dir='ltr'>aut</span> <span class='ocrx_word' id='word_1_335' title='bbox 712 2067 834 2099; x_wconf 85' lang='lat' dir='ltr'>adfines</span> <span class='ocrx_word' id='word_1_336' title='bbox 864 2072 935 2100; x_wconf 86' lang='lat' dir='ltr'>suut</span> <span class='ocrx_word' id='word_1_337' title='bbox 958 2069 1044 2100; x_wconf 87' lang='lat' dir='ltr'>mali.</span> <span class='ocrx_word' id='word_1_338' title='bbox 1088 2068 1254 2100; x_wconf 83' lang='lat' dir='ltr'>conubium</span> 
     </span>
    </p>
   </div>
  </div>
 </body>
</html>
