1471 2334
82 1921 110 1939 v.
125 1914 181 1938 250.

202 110 241 138 44

202 192 299 228 ποίας
329 187 384 222 υπ’
415 187 493 233 ἄτης
523 193 705 222 κατθανεῖν
733 190 919 232 πειρωμένη
954 190 1106 231 (Nauck.)
1144 199 1205 220 non
1240 192 1312 220 sunt

202 243 395 283 probabiles
439 242 495 273 sed
530 242 665 272 fortasse
702 251 741 272 ne
772 251 852 282 opus
884 241 1010 280 quidem
1042 243 1090 272 est
1123 240 1312 271 coniectura.

203 304 276 324 nam
300 302 369 323 oum
393 288 454 333 ἄτη
483 291 636 332 significet
674 292 768 323 etiam
804 291 948 322 fraudem
981 294 1012 323 et
1044 291 1135 331 quasi
1166 290 1311 322 delirium

203 344 318 375 mentis
342 343 492 374 divinitus
516 343 654 382 missum,
678 342 728 373 hic
750 337 807 373 ὑπ’
830 339 909 383 ἄτης
932 341 970 373 de
993 344 1059 373 toto
1082 341 1189 372 morbo
1213 340 1312 372 Phae-

204 395 298 433 drae,
329 395 382 433 qui
405 404 467 424 non
499 396 563 424 tam
587 393 629 423 ad
653 402 765 433 corpus
797 394 838 433 (v.
862 392 952 433 224),
990 402 1085 432 quam
1110 392 1151 422 ad
1175 395 1312 423 mentem

204 444 256 484 (of.
279 455 308 475 v.
332 446 402 483 214,
436 445 505 483 232,
529 444 601 483 238,
625 444 694 483 240,
719 444 788 483 241,
812 443 886 484 248)
922 442 1112 484 pertinebat,
1145 445 1219 483 apte
1253 442 1314 472 diei

205 495 336 536 videtur,
360 495 404 525 ita
428 497 461 525 ut
485 493 596 525 chorus
619 494 797 533 interroget,
821 496 924 524 utrum
949 493 1017 524 eibo
1038 493 1198 524 abstineat
1215 492 1313 523 Phae-

205 546 262 577 dra
286 546 336 586 (of.
360 556 388 576 v.
411 545 486 585 275)
514 548 641 585 propter
672 544 808 575 furorem
840 548 935 584 atque
966 547 1097 583 cogente
1121 544 1190 584 ipso
1215 542 1313 574 morbi

205 597 341 635 adfectu,
365 606 406 627 an
430 596 507 626 data
531 605 627 636 opera
650 598 746 635 atque
760 595 906 634 oonsilio,
930 598 964 625 ut
980 594 1087 626 inedia
1104 594 1200 625 vitam
1218 593 1315 624 finiat.

206 648 301 679 etiam
325 647 488 677 molestius
512 650 559 677 est
583 646 742 686 Muellero,
766 645 850 685 quod
874 645 986 676 chorus
1010 645 1060 676 hio
1084 644 1216 685 quaerit,
1241 654 1315 675 num

205 697 351 729 Phaedra
376 697 454 728 mori
478 696 676 727 eonstituerit
699 692 731 737 (ἲ
757 698 876 727 θανεῖν
897 696 1116 737 πειρωμένη),
1146 699 1315 736 postquam

206 750 269 780 iam
286 752 382 787 antea
400 748 480 778 dixit
497 748 538 788 (v.
554 747 719 787 135-—40)‚
736 756 768 778 se
784 746 921 787 audisse,
938 746 1116 777 Phaedram
1134 746 1212 776 mori
1228 745 1318 776 velle.

207 800 262 831 sed
286 809 348 830 non
371 798 483 829 mirum
508 804 571 837 est,
602 797 749 828 mulieres
778 797 970 828 Troezenias
1001 796 1084 836 quod
1116 796 1154 827 de
1188 796 1317 827 (lomina.

208 853 302 881 antea
324 849 441 880 incerto
465 858 588 880 rumore
612 848 663 890 (ef.
687 858 713 879 v.
743 849 797 878 130
821 845 932 889 φάτις)
956 847 1157 886 audiverant,
1188 846 1219 877 id
1243 856 1317 876 num

208 911 315 931 verum
340 900 389 940 sit,
411 909 494 930 nune
517 899 694 930 accuratius
726 908 765 929 ex
788 898 910 929 nutrice
933 897 1121 938 percontari.
1169 897 1319 935 „tautolo-

208 952 278 991 gia“
311 951 342 981 in
366 950 510 990 sequenti
534 959 627 981 versu
650 959 712 979 non
736 949 830 988 inest,
866 948 1016 988 quoniam
1040 948 1138 979 verba
1162 942 1266 979 ἅσιτεῖ
1290 943 1319 978 δ’

209 1001 253 1039 εἷς
278 996 459 1032 ἀπόστασιν
481 1001 558 1039 βίου
588 1003 710 1030 tantum
742 999 783 1030 ad
816 999 920 1040 ipsum
946 1001 1064 1030 θανεῖν
1089 998 1246 1039 copiosius
1269 1007 1320 1029 ex-

209 1051 405 1092 sequendum
444 1051 555 1081 addita
587 1054 667 1082 sunt.
725 1059 826 1089 neque
864 1049 982 1089 obstat,
1020 1048 1105 1089 quod
1142 1052 1213 1089 post
1250 1044 1320 1079 οὗσ’

210 1100 321 1139 ἄσιτος
345 1102 387 1143 (v.
410 1101 484 1143 275)
508 1102 658 1142 repetitur
683 1096 787 1132 ἅσιτεῖ
808 1100 849 1141 (v.
873 1100 956 1141 277),
987 1109 1088 1139 neque
1111 1102 1230 1130 θανεῖν
1252 1102 1320 1129 tan-

210 1158 275 1185 tum
300 1152 550 1184 consarcinando
574 1152 679 1183 versui
704 1151 808 1182 servit.
853 1160 950 1192 saepe
981 1150 1062 1182 enim
1087 1150 1173 1190 apud
1197 1149 1320 1190 Euripi-

211 1205 283 1236 dem
306 1204 338 1235 in
362 1203 523 1244 responsis
546 1203 672 1243 singula
695 1202 793 1234 verba
824 1202 1105 1241 interrogationum
1137 1200 1322 1232 anteceden-

211 1256 287 1286 tium
320 1257 511 1295 repetuntur.
570 1253 609 1284 ef.
641 1252 767 1294 Hippol.
810 1253 895 1283 1396.
933 1252 1007 1283 Hee.
1034 1253 1122 1291 1270,
1159 1251 1225 1282 Ale.
1253 1252 1323 1290 533,

216 1308 302 1344 1131,
325 1305 483 1336 Heraelid.
507 1305 576 1343 499,
608 1305 668 1334 666
699 1308 756 1335 etc.
801 1303 865 1334 iam
901 1298 1082 1339 ἀπόστασις
1112 1302 1204 1340 βίου,
1239 1301 1322 1341 quod

212 1357 353 1397 ineptum
378 1355 502 1386 videtur
525 1354 673 1386 Nauekio
697 1354 749 1395 (ef.
772 1353 886 1393 infra),
910 1353 969 1384 etsi
993 1353 1076 1384 alias
1099 1363 1160 1383 non
1184 1352 1325 1391 occurrit,

213 1408 262 1438 his
285 1407 362 1437 loeis
386 1406 509 1438 videtur
537 1405 680 1437 defendi:
728 1404 809 1435 Med.
836 1405 914 1435 1039
948 1404 980 1440 ἐς
1014 1401 1095 1434 ἄλλο
1128 1398 1218 1444 σχῆμ’
1242 1398 1322 1433 ἀπο-

213 1455 347 1494 στάντες
369 1457 451 1496 βίου,
476 1457 540 1487 Ale.
558 1458 592 1486 21
619 1456 816 1497 μεταστῆναι
841 1455 931 1493 βίου,
956 1454 1016 1494 frgt
1040 1455 1138 1494 538,1
1165 1455 1226 1485 τοῦ
1250 1453 1324 1492 βίου

213 1506 422 1549 μεταστάσεις
454 1507 504 1546 (ef.
529 1506 638 1547 Polyb.
662 1507 709 1546 30,
734 1507 772 1536 25
811 1502 829 1547 ἡ
860 1505 896 1536 ἐκ
926 1506 987 1536 τοῦ
1013 1504 1087 1543 βίου
1109 1502 1324 1545 μετάστασις).

214 1568 316 1598 neque
340 1558 493 1598 originem
518 1557 687 1588 Muellerus
710 1555 964 1596 interpolationis
993 1554 1097 1586 adfert
1120 1554 1326 1595 probabilem.

215 1609 394 1650 suspicatur
417 1609 510 1647 enim,
533 1617 641 1638 versus
662 1608 722 1637 276
746 1610 776 1637 et
793 1607 852 1636 277
877 1615 913 1636 eo
937 1609 1086 1646 tempore,
1110 1614 1170 1644 quo
1194 1604 1325 1636 melicae

214 1660 453 1700 tragoediarum
486 1661 593 1699 partes
624 1657 663 1688 ab
696 1656 854 1688 actoribus
878 1656 1107 1695 omitterentur,
1135 1665 1205 1687 esse
1228 1655 1325 1686 inser-

215 1714 281 1751 tos,
311 1710 429 1741 seilicet
458 1719 497 1740 ne
520 1709 560 1749 id,
593 1708 676 1748 qnod
708 1707 821 1739 chorus
844 1707 920 1738 dicit
950 1717 978 1738 v.
1003 1708 1177 1745 135-140,
1200 1714 1327 1747 prorsus

217 1761 528 1802 praetermitteretur.
573 1759 665 1799 quasi
696 1758 753 1790 hoo
777 1759 880 1799 ipsum
904 1767 966 1788 non
989 1756 1052 1788 iam
1077 1756 1174 1788 multo
1198 1765 1326 1788 accura-

216 1812 278 1842 tius
301 1821 485 1852 expressum
510 1810 550 1841 sit
572 1819 665 1841 versu
689 1810 765 1840 275!
789 1818 861 1839 mea
884 1808 979 1848 igitur
1002 1807 1158 1839 sententia
1182 1817 1231 1838 vv.
1255 1808 1325 1845 276,

219 1864 256 1892 77
281 1865 353 1893 sunt
377 1861 534 1893 servandi.

301 1913 369 1943 Iam
401 1921 475 1943 vero
508 1910 675 1942 Nauekius
713 1909 864 1951 (Bulletin
895 1909 934 1940 de
966 1908 1084 1939 l'Acad.
1120 1907 1160 1939 de
1190 1907 1329 1938 Petersb.

221 1964 298 1993 1877
324 1966 398 1994 tom.
421 1964 460 1992 22
491 1972 520 2002 p.
544 1962 597 2001 93)
628 1960 836 1992 removendos
869 1959 990 1990 iudicat
1019 1969 1047 1990 v.
1070 1959 1129 1988 277
1162 1961 1244 1990 etv.
1268 1958 1328 1988 280

219 2008 236 2044 ὁ
261 2010 289 2044 δ’
313 2012 358 2050 εἷς
381 2011 568 2054 πρόσωπον
590 2007 631 2042 οὐ
653 2011 860 2052 τεκμαίρεται
877 2010 1030 2048 &Mamm
1053 2019 1114 2039 non
1138 2012 1201 2040 tam
1226 2008 1256 2038 in
1280 2008 1329 2038 his

218 2063 296 2104 ipsis
320 2064 473 2103 versibus,
495 2072 588 2102 quam
613 2062 644 2092 in
668 2062 816 2093 universa
839 2060 1065 2092 sententiarum
1082 2058 1162 2090 serie
1178 2058 1326 2090 offensus
