1471 2334
1204 104 1243 134 23

129 190 268 228 „Phedre
292 191 337 222 fut
362 190 486 231 chaste,
517 191 646 233 n’ayaut
676 201 735 232 pas
766 200 805 222 eu
837 189 1005 221 l‘oecasiou
1029 189 1068 221 de
1092 199 1245 229 manquer

128 244 148 274 a
171 241 202 274 la
226 241 384 281 chastete3
408 242 486 282 moi,
517 242 568 282 qui
593 242 685 281 l'eus,
707 242 743 283 jc
771 242 842 274 n’eu
865 241 896 273 ai
921 250 980 282 pas
1004 240 1126 272 al)usc.“
1171 250 1243 271 nam

129 288 340 335 ἐσωφρονεῖν
364 304 420 334 pro
445 289 606 335 (Ξᾳροιέῐν
628 294 713 335 apud
742 293 861 324 nullum
885 293 1071 333 scriptorem
1094 301 1244 332 graecum

128 344 262 385 legitur,
293 344 334 376 ad
367 339 407 375 οὔ
434 347 546 382 κακῶς
577 343 749 386 ἐχρώμεθα
776 355 836 376 nou
866 347 970 385 potest
993 343 1133 384 suppleri
1157 353 1244 374 occa<

129 395 227 426 sionis
250 395 335 427 notio
359 399 455 427 antea
479 407 539 427 non
564 396 680 427 diserte
697 405 863 437 expressa,
886 395 1024 435 denique
1048 394 1144 426 verba
1161 393 1246 435 ἔχειν

130 442 343 488 ἀσωᾳπροιέϊν
375 447 551 487 significant
580 458 642 478 uon
673 451 737 478 tam
762 451 966 486 occasionem,
997 455 1093 486 quam
1123 457 1245 478 causam

129 498 284 539 peccandi
309 497 434 530 habere.

214 557 403 589 Rectissime
426 558 523 598 igitur
541 558 706 589 Nauekius
723 568 832 590 versus
849 560 1007 589 contortos
1023 557 1246 589 emendatione

127 608 291 640 sanandos
315 618 384 640 esse
408 609 545 649 negavit.
589 609 743 640 insiticios
762 612 867 640 autem
891 619 945 640 eos
968 618 1005 640 eo
1022 608 1125 649 magis
1142 618 1247 640 oense-

127 659 238 699 bimus,
261 660 346 699 quod
370 660 531 691 antecedit
559 670 586 691 v.
616 662 693 691 1033
725 660 793 701 ἐμοὶ
821 658 881 701 γὰρ
906 655 947 691 οὐ
970 660 1064 700 θέμις
1087 659 1172 701 πέρα
1197 660 1245 691 λέ,

128 722 205 752 γειν.
233 720 271 742 ac
284 711 435 752 profecto,
447 711 472 742 si
490 711 582 742 modo
600 712 793 753 Hippolytus
810 711 1032 742 iusiurandum
1045 711 1111 742 vult
1124 721 1246 742 conser-

127 772 212 801 vare⁷
229 762 261 794 id
278 763 362 802 quod
379 772 490 794 revera
506 763 589 802 facit,
606 773 676 794 eum
694 773 733 794 ne
751 763 901 803 ambigue
917 762 1044 802 quidem
1059 772 1131 802 rem,
1149 772 1245 802 quam

127 813 286 845 celaturus
309 817 365 853 est,
388 814 530 845 iudicare
554 818 602 845 est
625 818 881 845 consentaneum.
926 813 1050 845 Videtur
1074 817 1180 845 autem
1201 814 1245 844 in-

128 863 236 896 ficetus
266 864 376 896 histrio
408 865 456 896 vel
480 866 723 905 grammaticus,
756 865 930 896 orationem
954 865 1122 906 Hippolyti
1153 874 1247 896 versu

132 916 210 946 1033
235 915 328 947 nimis
352 916 456 948 ieiune
473 916 619 948 concludi
642 920 738 957 ratus,
761 916 853 956 quasi
871 916 1001 956 salsam,
1023 916 1050 947 si
1068 916 1117 947 dis
1132 916 1246 957 placet,

126 966 301 998 clausulam
325 967 490 999 addidisse
514 968 571 998 hos
595 978 712 1007 versus,
737 968 851 1008 quibus
872 978 929 998 nos
945 967 1128 998 divinamus
1144 967 1246 1009 magis

127 1027 221 1058 quam
246 1019 473 1059 perspicimus,
503 1029 573 1050 eum
598 1023 653 1050 aut
676 1020 708 1050 in
732 1019 882 1059 ambigua
906 1018 1135 1059 significatione
1158 1019 1246 1050 verbi

128 1075 317 1111 σωφρονεῖν
341 1070 463 1110 ludere,
493 1074 548 1101 aut
577 1070 681 1102 dicere
712 1070 851 1101 voluisse
880 1070 944 1101 fere
975 1070 1069 1101 haec:
1098 1069 1246 1102 Phaedra

126 1124 217 1152 casta
249 1121 323 1160 fuit,
354 1121 438 1161 quod
470 1121 662 1153 adulterium
695 1131 806 1152 revera
830 1131 892 1152 uon
923 1121 1094 1162 commisit,
1123 1122 1182 1153 etsi
1214 1122 1246 1152 in

126 1171 233 1202 auimo
263 1171 451 1212 pudicitiam
481 1183 540 1203 non
567 1172 707 1204 habebat
738 1173 941 1214 (offlqpomz‘v
972 1173 1078 1213 inepte
1109 1173 1245 1213 positum

126 1233 183 1264 pro
209 1219 248 1254 τὸ
272 1223 488 1265 σωᾳροι·εῖν);
514 1234 572 1264 ego
596 1224 655 1255 etsi
686 1233 772 1255 eram
797 1228 884 1255 casto
914 1224 1034 1263 animo,
1065 1224 1246 1255 castitatem

126 1284 188 1305 non
210 1273 382 1315 prudenter
405 1275 541 1316 exercui,
565 1275 649 1315 quod
673 1275 786 1306 iuravi.

125 1352 152 1373 v.
177 1344 246 1374 970.
330 1339 368 1374 τὸ
393 1339 421 1374 δ’
447 1340 546 1384 ἄρσει·
568 1338 691 1380 αὖτοὺς
714 1339 837 1383 (dmm
858 1344 1104 1384 προσκείμενον

125 1419 265 1460 spurium
292 1421 413 1452 censuit
436 1420 595 1452 Hirzelius
618 1432 646 1462 p.
672 1422 719 1460 79,
743 1421 831 1452 euius
855 1420 1006 1451 iudicium
1032 1420 1247 1461 probaverunt

125 1470 292 1502 Nauckius
316 1471 347 1502 iu
371 1471 478 1503 adnot.
502 1472 567 1503 erit.
592 1472 640 1504 ed.
664 1472 711 1503 III
737 1474 767 1503 et
790 1471 932 1503 Weilius.
977 1471 1075 1502 verba
1099 1472 1248 1503 videntur

124 1521 319 1562 significare:
354 1522 483 1564 prodest
511 1523 557 1554 eis
583 1523 719 1554 virilitas
745 1523 904 1555 adiuncta.
950 1523 1108 1564 egregiam
1142 1523 1246 1555 hercle

125 1574 314 1605 senteutiam
347 1578 443 1614 atque
475 1574 516 1605 ab
550 1574 700 1606 hocloco
735 1584 863 1615 prorsus
887 1574 1039 1605 alienam!
1070 1584 1144 1605 nam
1175 1584 1245 1606 cum

125 1623 269 1656 Theseus
292 1628 446 1666 exponat,
480 1626 564 1656 viros
596 1635 615 1656 a
639 1626 763 1657 Venere
793 1636 856 1656 uon
887 1635 957 1657 esse
988 1625 1120 1657 tutiores
1148 1634 1245 1666 quam

124 1675 290 1715 mulieres,
320 1676 377 1707 sed
407 1686 511 1716 aeque
542 1676 668 1708 libidini
692 1677 860 1716 obnoxios,
891 1676 1050 1707 contraria
1074 1676 1177 1717 potius
1200 1687 1245 1708 re-

126 1726 261 1766 quiritur
284 1727 454 1767 sententia‚
485 1727 567 1758 huuc
591 1728 655 1759 fere
679 1728 710 1758 in
734 1727 879 1759 modum:
908 1727 1008 1758 virilis
1037 1730 1132 1767 atque
1155 1727 1245 1759 fortis

125 1778 251 1809 animus
281 1778 367 1809 viros
396 1788 415 1808 a
448 1778 581 1809 libidine
613 1789 674 1809 non
707 1778 859 1809 defendit.
911 1778 1085 1810 scholiasta
1119 1788 1244 1810 versum

124 1829 169 1860 sie
192 1829 348 1870 explicat:
376 1827 574 1871 συγγνώμην
597 1825 712 1867 αὖτοῖς
734 1830 867 1871 παρέχει
892 1828 931 1861 τὸ
955 1827 1076 1871 ἄνδρας
1101 1827 1183 1861 εἶναι
1208 1830 1244 1862 ἐν

125 1874 307 1921 ἁμαρτίαις.
353 1880 447 1920 quasi
472 1890 545 1912 vero
570 1877 693 1920 ὠφελεῖ
714 1881 815 1922 possit
832 1881 938 1912 valere
956 1879 1154 1923 συγγνώμην
1170 1880 1242 1923 ἔχει.

124 1941 227 1972 neque
250 1931 365 1962 iniuria
389 1941 426 1963 eo
443 1932 572 1963 offendit
590 1932 756 1971 Hirzelius,
780 1932 863 1972 quod
888 1932 929 1963 ad
948 1930 986 1963 τὸ
1003 1930 1105 1974 ἄρσεν
1121 1933 1245 1965 accedit

124 1982 377 2023 προσκείμενον.
423 1982 535 2022 reliqui
551 1983 633 2014 enim
659 1983 727 2023 loci,
752 1983 804 2014 ubi
821 1993 870 2014 res
894 1993 963 2014 cum
985 1983 1093 2024 aliquo
1110 1984 1243 2022 iunctae,

125 2034 211 2065 velut
235 2031 351 2071 κακόν,
373 2035 474 2076 πῆμα,
497 2032 608 2075 χάρις,
632 2034 734 2075 γέρας,
758 2034 905 2065 dicuntur
927 2036 1148 2076 προσκεῖσθαί
1169 2047 1244 2074 τινι,

125 2084 273 2116 videntur
296 2094 367 2116 esse.
383 2084 508 2117 diversi.
552 2089 720 2127 praeterea
744 2082 782 2117 τὸ
807 2082 914 2127 ἄρσεν,
931 2086 998 2118 sive
1014 2086 1122 2118 addito
1138 2086 1244 2128 γένος,

1283 1357 1308 1374 V.
1317 1352 1365 1375 (¹170
