1471 2334
287 231 484 262 Nauekius
506 231 625 272 passim
648 232 679 263 in
707 232 962 273 „Euripideisehe
975 234 1123 265 Studien“
1144 233 1176 265 in
1190 234 1355 269 Memoires

346 282 385 312 de
409 281 595 314 l’aeademie
624 283 662 314 de
686 284 729 315 St.
752 283 969 324 Petersbourg.
994 286 1073 315 1859
1097 287 1127 316 et
1155 285 1241 325 1863,

285 349 481 380 Hirzelius
508 350 573 388 „De
596 350 757 390 Euripidis
786 351 818 382 in
842 352 1066 392 componendis
1094 352 1243 383 diverbiis
1266 354 1352 384 a1·te“

344 399 419 430 diss.
444 400 541 432 Bonn.
569 402 647 431 1862
670 411 699 441 p.
716 402 755 431 34
772 411 820 440 ss„
849 401 1110 433 Weckleinius
1142 402 1294 441 „Studien
1317 413 1355 434 zu

343 450 531 491 Euripides“
566 452 596 481 in
624 451 648 481 F
653 451 823 482 leckeiseni
855 453 960 483 annal.
982 452 1090 493 philol.
1112 453 1264 494 supplem.
1287 454 1356 494 VII,

346 502 521 532 1873-—75
546 512 574 542 p.
598 503 767 541 350-60‚
790 502 829 533 de
860 502 993 543 singulis
1022 503 1099 534 loeis
1128 507 1179 535 alii
1207 504 1296 535 multi
1322 504 1355 535 in

341 551 596 592 ephemeridibus
628 552 836 593 philologieis.
878 553 1110 594 disputationes
1141 554 1183 585 ad
1215 554 1356 595 singulas

344 603 526 643 tragoedias
550 606 729 643 spectantes
752 603 828 634 mihi
852 603 1053 635 innotuerunt
1076 604 1147 636 hae:

284 670 434 710 Berger.
478 671 543 709 „De
567 674 675 702 Medea
700 671 863 711 Euripidis
887 671 1052 711 tragoedia
1081 671 1122 702 ab
1153 671 1355 703 histrionibus

342 720 559 761 interpolata.“
603 721 743 761 Gotting.
771 722 858 760 1830,
881 731 977 761 quam
1002 722 1076 753 diss.
1099 722 1255 763 inspieere
1278 723 1355 754 mihi

341 781 403 802 non
428 771 524 811 licuit⁷

282 839 492 876 Witzsehel.
537 840 601 878 „De
619 839 761 870 versibus
778 840 808 870 in
822 839 949 870 Euridis
961 840 1073 871 Medea
1094 841 1177 872 male
1193 840 1350 882 repetitis“

340 890 371 920 in
398 893 457 920 aet.
480 900 542 922 soe.
566 900 667 930 graec.
691 891 729 921 ΙΙ.
746 901 774 930 p.
794 892 957 921 143—61.
981 891 1054 931 Lps.
1086 892 1169 931 [8⁴⁰⁷

282 958 526 988 Trautinanu.
579 958 644 996 „De
677 957 838 998 Euripidis
871 961 1104 990 Plzoenissarum
1133 959 1276 990 versibus
1305 969 1354 990 su-

342 1008 459 1048 speetis
482 1011 512 1039 et
535 1008 758 1048 inte1·pola'tis.“
783 1019 884 1049 progr.
908 1019 1014 1049 gymn.
1038 1010 1108 1041 Hal.
1138 1011 1222 1050 1863,

282 1075 501 1115 Altenburg.
549 1076 615 1113 „De
639 1076 791 1115 versibus,
814 1076 866 1115 qui
891 1080 962 1107 sunt
984 1077 1015 1107 in
1036 1076 1217 1108 Phoenissis
1240 1077 1353 1118 spurii“

340 1126 414 1157 diss.
438 1126 509 1157 Hal.
537 1128 623 1165 1865,

282 1193 494 1233 Steinberg.
545 1194 609 1233 „De
626 1194 869 1234 interpolatione
885 1195 1078 1235 Euripideae
1095 1195 1256 1227 Electrae“
1279 1195 1353 1228 diss.

340 1244 412 1275 Hal.
439 1245 527 1276 1864.

281 1312 320 1343 de
344 1312 643 1352 interpolationibus
662 1316 841 1351 Iphigeniae
857 1316 1029 1345 Aulidensis
1052 1316 1181 1353 egerunt
1204 1323 1273 1344 eum
1296 1314 1351 1345 alii

339 1366 404 1393 tum
429 1362 580 1394 Godofr.
604 1364 842 1394 Hermannus
869 1365 945 1393 1347
971 1367 1000 1395 et
1030 1365 1106 1394 1848
1129 1363 1250 1404 (opusc.
1267 1364 1351 1405 VIII,

339 1424 368 1453 p.
384 1413 563 1454 218—42),
587 1414 804 1454 Hartungus
827 1414 844 1446 l.
861 1414 878 1445 l.
896 1425 924 1454 p.
941 1416 1085 1454 esi—97,

280 1481 440 1520 Hennig.
484 1481 550 1521 „De
567 1481 752 1521 Iphigeniae
768 1482 952 1513 Aulidensis
975 1485 1075 1513 forma
1098 1492 1135 1513 ae
1152 1481 1351 1514 eondicione‘<

340 1531 414 1562 diss.
439 1532 541 1563 Berol.
569 1533 655 1562 iseo.

324 1608 391 1638 Iam
416 1611 449 1638 ut
472 1608 569 1638 libere
594 1608 707 1648 dieam,
730 1608 804 1648 quid
822 1609 964 1649 sentiam,
988 1611 1020 1639 ut
1036 1608 1191 1648 sagaciter
1206 1611 1237 1639 et
1253 1618 1351 1649 saepe

238 1658 370 1689 feliciter
393 1658 478 1689 viros
495 1659 602 1689 doctos
625 1659 655 1689 111
674 1658 866 1699 indagandis
888 1658 1184 1699 interpolationibus
1207 1662 1350 1690 versatos

237 1717 308 1739 esse
332 1719 394 1739 nou
418 1718 454 1739 eo
479 1709 610 1749 infitias,
641 1709 685 1740 ita
709 1709 740 1739 in
763 1710 946 1740 universum
970 1719 1024 1740 eos
1047 1719 1129 1740 nune
1153 1709 1224 1740 huie
1246 1709 1349 1740 studio

238 1759 331 1789 nimis
355 1760 518 1800 indulgere
542 1760 644 1791 habeo
673 1770 868 1800 persuasum.
913 1763 1009 1800 atque
1032 1760 1064 1791 iu
1088 1760 1260 1801 Hippolyto
1284 1761 1350 1800 qui-

238 1809 309 1840 dem
333 1810 363 1840 in
389 1810 599 1851 suspicionem
623 1810 751 1842 addueti
775 1813 846 1841 sunt
870 1811 952 1850 quod
976 1811 1075 1842 seiam
1098 1821 1207 1842 versus
1223 1811 1349 1842 omnino

239 1862 277 1890 97
316 1863 346 1891 et
376 1861 503 1900 quidem
534 1862 573 1891 48
604 1861 738 1892 diversis
767 1861 853 1892 locis.
908 1861 940 1891 iu
975 1861 1089 1901 quibus
1126 1861 1349 1892 examinandis

238 1911 376 1942 maxime
400 1911 475 1942 mihi
489 1921 539 1943 res
555 1912 614 1942 erit
638 1922 706 1942 eum
720 1912 875 1952 Nauekio,
901 1912 953 1951 qui
970 1912 1178 1952 Hippolytum
1201 1911 1350 1943 tractavit

238 1961 271 1992 in
295 1961 436 2001 Euripid.
453 1962 555 1993 studd.
578 1965 668 2003 parte
693 1962 732 1994 II.
755 1973 784 2002 p.
806 1964 925 2002 1-48,
950 1966 979 1994 et
1002 1972 1071 1993 eum
1094 1962 1274 2003 Bartholdo,
1296 1962 1349 2002 qui

239 2012 270 2042 in
294 2012 395 2043 Musei
419 2012 563 2043 Rhenani
587 2016 671 2043 tomo
696 2015 743 2044 231.
767 2012 877 2054 (1876)
900 2023 928 2054 p.
953 2015 1012 2044 313
1024 2023 1063 2044 ss.
1085 2016 1116 2044 et
1138 2013 1170 2043 in
1193 2012 1348 2053 Philologi

238 2066 324 2093 tomo
349 2064 397 2093 36.
420 2062 531 2103 (1877)
555 2064 675 2103 passim
699 2063 813 2094 multos
836 2064 1002 2104 Hippolyti
1024 2063 1110 2094 locos
1132 2063 1306 2094 damnavit.
