1471 2334
1229 124 1264 153 31

148 203 199 241 IV,
224 206 251 243 4,
275 203 366 244 Verg.
382 204 438 236 eol.
462 205 488 243 8,
511 206 559 243 90,
583 204 639 236 sed
663 205 761 236 etiarn
785 205 827 236 ad
850 215 950 236 novos
973 206 1171 245 excitandos,
1197 217 1268 238 cum

148 263 204 294 per
227 264 260 286 se
283 257 331 286 est
354 255 538 296 probabile,
567 259 632 286 tum
657 260 768 296 aperte
792 255 1029 287 demonstratur
1052 257 1120 287 loco
1144 258 1269 298 Apulei,

148 305 218 336 Met.
243 305 298 344 ΙΙΙ,
327 307 461 347 16-18,
496 306 548 337 ubi
578 306 764 338 muliercula
788 307 891 338 subito
916 317 1026 339 amore
1056 308 1270 340 adulescentis

147 360 242 397 capta
264 367 336 388 eum
367 357 411 388 sic
433 357 571 398 defigere
603 362 698 398 atque
733 358 775 389 ad
810 367 844 390 se
878 358 1018 389 adlicere
1053 363 1203 400 conatur,
1237 364 1270 390 ut

147 411 308 448 apparatu
332 408 457 448 magico
481 409 633 440 instructo
658 409 791 450 capillos
814 409 882 441 eius
899 409 1100 450 quiquidem
1119 410 1269 442 videban-

146 461 204 497 tur,
228 458 295 498 igni
318 459 469 500 imponat.
515 459 607 491 huius
641 460 736 501 igitur
768 461 827 491 loei
853 460 974 492 ratione
1006 460 1117 492 habita
1141 461 1268 493 Naucki

146 513 367 548 argumentam
392 510 578 542 conlabitur.
623 521 716 551 porro
740 516 863 551 censet,
900 511 1095 551 Phaedram,
1129 512 1156 543 si
1180 512 1270 544 audi-

145 560 244 591 visset
267 560 338 591 illos
362 571 479 600 versus,
502 562 770 601 interrogaturam
795 563 894 594 fuisse
916 573 978 593 non
996 573 1023 593 v.
1041 565 1110 603 516,
1134 563 1190 594 sed
1215 567 1270 594 aut

148 610 188 641 ad
213 620 306 650 quem
331 621 423 642 usum
447 612 538 652 signa
562 612 729 653 Hippolyti
753 617 859 644 essent
883 613 1086 654 adhibenda,
1117 618 1173 645 aut
1196 624 1269 654 quo-

146 661 240 692 modo
264 666 396 703 possent
419 662 593 703 impetrari.

231 713 279 744 De
303 712 362 745 hoc
386 717 573 754 argumento
597 713 733 745 iudicari
761 714 887 755 nequit,
918 715 980 746 nisi
1013 715 1071 747 hoe
1103 718 1168 747 toto
1199 716 1269 747 loeo

144 767 292 795 accurate
326 764 535 797 considerato.
587 765 692 796 nutrix
730 769 900 806 postquam
940 766 1115 807 intellexit,
1149 770 1268 807 quanto

144 823 240 855 opere
272 815 421 847 Phaedra
453 816 626 848 detestetur
657 816 775 847 amoris
808 817 856 847 sui
892 817 1069 858 Hippolyto
1102 818 1267 858 aperiendi

143 866 317 907 eonsilium,
340 877 441 907 usque
467 877 487 898 a
511 877 538 898 v.
562 869 622 898 507
661 867 810 908 ambigue
833 868 879 898 ita
903 868 1050 909 loquitur,
1073 869 1166 908 quasi
1190 869 1268 899 illud

144 916 309 949 consilium
341 918 469 949 omnino
496 919 628 949 missum
660 918 758 949 faciat
796 922 826 950 et
856 929 974 950 novum
1007 919 1137 960 aliquod
1168 923 1265 960 atque

144 968 307 1000 honestius
338 973 503 1010 proponat.
556 969 686 1000 simulat
716 969 817 1009 enim,
855 970 887 1001 in
925 970 1059 1001 aedibus
1098 970 1159 1001 sibi
1196 980 1267 1002 esse

144 1018 277 1061 philtra,
306 1020 420 1060 quibus
445 1020 611 1051 Phaedrae
642 1020 770 1051 morbus
801 1020 924 1061 absque
948 1022 1143 1062 turpitudine
1167 1022 1268 1062 possit

143 1071 261 1103 sanari.
319 1071 389 1112 ipsa
420 1074 526 1103 autem
558 1071 680 1112 φίλτρα
712 1069 895 1113 θελκτήρια
918 1071 1043 1114 ἔρωτος
1054 1072 1076 1114 ¹)
1115 1072 1269 1113 intellegit

144 1122 368 1163 Hippolytum,
390 1122 571 1154 Phaedram
595 1122 779 1163 intellegere
803 1123 870 1154 vult
893 1123 1035 1164 magicas
1059 1124 1179 1155 amoris
1202 1124 1268 1155 ille-

143 1173 271 1214 cebraS,
306 1173 420 1213 quibus
444 1173 638 1215 Hippolytus
671 1173 716 1204 ita
740 1174 841 1214 possit
864 1174 1032 1214 fascinari,
1068 1178 1102 1206 ut
1126 1185 1267 1206 amorem

143 1225 175 1255 in
214 1234 383 1256 novercam
416 1225 576 1266 concipiat
614 1228 866 1265 conceptumque
904 1226 972 1266 ipse
1004 1226 1090 1267 prior
1120 1226 1269 1258 fateatur.

143 1275 186 1306 ad
209 1276 293 1308 hanc
316 1275 485 1308 Phaedrae
519 1277 701 1317 opinionem
735 1276 918 1316 augendam
942 1277 1111 1317 aptissime
1134 1277 1268 1309 adderet

143 1336 192 1359 vv.
216 1328 372 1359 513—15.
416 1327 575 1359 sententia
602 1327 698 1367 igitur
728 1337 877 1358 versuum
903 1329 1049 1359 507—15
1081 1328 1113 1359 in
1144 1328 1268 1360 univer-

142 1388 211 1409 sum
235 1382 321 1410 esset
344 1378 438 1410 haec:
464 1378 570 1417 „aliud
594 1377 761 1409 eonsilium
786 1388 929 1419 propono
952 1404 958 1410 .
982 1379 1051 1420 ipse
1075 1378 1269 1421 Hippolytus

142 1429 388 1461 incantamentis
426 1428 625 1461 adliciendus
659 1432 715 1460 est.
771 1432 867 1469 atque
894 1429 1015 1470 philtra
1038 1430 1167 1470 quidem
1195 1434 1269 1462 sunt

142 1483 270 1521 praesto
308 1480 342 1522 (i.
365 1490 390 1512 e.
422 1480 541 1512 herbae
569 1483 601 1511 et
631 1479 717 1511 aliae
748 1490 799 1511 res
822 1480 864 1511 ad
888 1484 1081 1521 apparatum
1106 1482 1265 1522 magieum

141 1531 365 1573 necessariae).
424 1531 502 1562 nihil
526 1530 665 1572 amplius
688 1530 779 1562 deest
809 1531 850 1562 ad
881 1541 1008 1563 sacrum
1042 1533 1201 1573 magicum
1225 1533 1270 1564 in-

143 1581 336 1614 stituendum
376 1582 437 1613 nisi
468 1584 612 1624 σημεῖα.“
671 1581 736 1613 iam
774 1585 807 1612 ut
842 1582 884 1613 ad
914 1582 1043 1614 Naueki
1075 1584 1267 1615 sententiam

142 1636 300 1674 revertar,
336 1643 376 1665 ne
413 1636 525 1674 aptum
557 1632 685 1672 quidem
716 1636 818 1669 esset,
850 1634 877 1664 si
901 1633 1051 1665 Phaedra
1074 1634 1196 1665 auditis
1218 1645 1269 1666 vv.

143 1685 301 1715 513—15
339 1685 379 1716 de
417 1694 475 1715 usu
514 1684 670 1715 eiusmodi
708 1684 870 1724 signorum
909 1685 1136 1717 sciscitaretur.
1194 1695 1268 1717 nam

142 1734 254 1766 horum
277 1735 309 1766 in
333 1735 581 1766 incantamentis
611 1734 778 1765 amatoriis
803 1744 910 1773 usum,
942 1738 976 1766 ut
1008 1736 1121 1767 mulier
1142 1746 1269 1777 graeca,

141 1787 211 1818 sine
235 1785 330 1817 dnbio
353 1786 425 1827 ipsa
448 1789 593 1825 uoverat7
617 1786 667 1816 sin
691 1788 788 1817 antea
812 1795 873 1817 non
897 1790 1048 1827 noverat,
1072 1796 1112 1818 ex
1135 1797 1269 1820 comme-

142 1838 319 1869 moratione
356 1837 544 1878 philtrorum
583 1840 613 1868 et
651 1846 691 1868 ex
728 1839 797 1867 tota
837 1838 981 1869 oratione
1018 1839 1151 1870 nutricis
1188 1839 1268 1870 satis

143 1888 367 1928 cognoscebat.
410 1897 514 1928 neque
538 1897 618 1928 opus
642 1890 728 1927 erat,
759 1890 793 1918 ut
824 1888 920 1920 anxie
943 1888 1171 1930 interrogaret,
1194 1900 1269 1930 quo-

229 1974 248 2003 ¹)
269 1972 335 1999 haee
355 1973 441 1999 verba
458 1972 586 2006 plerique
610 1971 776 2005 interpretes
795 1971 959 2006 intellegere
978 1973 1108 2000 videntur
1128 1973 1162 2000 de
1181 1981 1265 2000 reme-

142 2014 196 2047 dio,
216 2022 270 2048 quo
289 2015 430 2041 Phaedrae
449 2022 525 2040 amor
542 2017 742 2047 compescatur.
779 2014 829 2040 sed
849 2014 912 2040 huie
931 2014 1155 2049 interpretationi
1175 2016 1269 2042 obstat

142 2056 204 2090 ipsa
221 2057 297 2083 notio
316 2057 445 2084 vocabuli
459 2056 588 2091 φίλτρον,
608 2056 682 2090 quod
701 2064 758 2083 non
776 2057 848 2082 idem
868 2060 910 2083 est
929 2060 1012 2090 atque
1031 2055 1195 2092 φάρμακον,
1215 2059 1265 2085 sed

141 2098 281 2133 significat
299 2107 364 2130 rem,
383 2107 437 2133 qua
456 2100 518 2133 quis
537 2099 572 2125 ad
590 2106 710 2125 amorem
728 2098 859 2126 inlicitur.

1022 2150 1063 2176 δί·
