1471 2334
187 149 205 176 4

187 231 287 262 tentia
310 234 366 262 aut
389 231 597 270 cogitatorum
620 241 820 272 progressum
843 232 957 272 turbat,
979 235 1035 264 aut
1052 233 1184 264 consilio
1204 233 1300 265 totius

187 281 247 312 loci
277 281 328 313 vel
355 282 451 312 etiam
482 282 578 313 totius
608 282 738 314 fabulae
773 283 940 315 manifesto
971 286 1142 324 repugnat,
1173 286 1228 315 aut
1259 284 1299 315 ab

188 332 336 363 universa
358 332 481 363 ratione
497 335 592 372 atque
617 333 744 372 ingenio
760 333 922 374 Euripidis
945 333 1100 374 abhorret,
1122 344 1193 365 eam
1216 334 1300 366 lucu-

186 383 286 414 lenter
309 385 443 423 apparet
474 383 514 414 ab
537 383 690 424 Euripide
719 384 870 425 scriptam
894 394 964 416 esse
987 395 1049 415 non
1072 395 1182 425 posse,
1205 385 1301 425 idque

187 443 224 464 eo
248 433 351 473 magis
374 443 443 464 eum
460 433 501 465 ad
524 434 648 465 interna
672 444 755 474 quae
779 437 933 466 vocantur
956 435 1110 466 accedunt
1131 435 1227 467 etiam
1250 445 1300 467 ex-

187 488 276 515 terna
299 484 552 525 interpolationis
582 485 709 516 indicia.
754 485 881 516 omnino
912 488 1019 517 autem
1043 486 1220 517 cauendum
1244 488 1301 526 est,

187 545 227 566 ne
249 535 518 576 corruptissimum
543 545 699 576 quemque
716 537 818 567 locum
842 539 969 577 propter
992 537 1092 568 solam
1109 537 1301 568 emendandi

187 586 407 617 difficultatem
439 590 584 626 putemus
614 586 824 618 subditicium.
875 597 977 627 neque
1008 587 1039 618 in
1070 588 1248 619 universum
1271 587 1300 619 ei

187 646 296 667 versus
327 637 452 668 delendi
483 641 568 677 sunt,
600 637 712 677 quibus
743 637 854 669 deletis
885 642 940 669 aut
970 638 1085 669 lacuna
1114 638 1212 669 oritur
1246 641 1301 670 aut

188 687 278 727 gravi
309 688 487 718 mutatione
516 697 622 719 eorum
654 687 836 729 verborum,
871 698 953 728 quae
982 688 1215 728 relinquuntur,
1245 692 1301 720 aut

187 738 432 778 transpositione
456 747 602 769 versuum
626 749 704 778 opus
728 742 783 770 est.
828 739 966 778 denique
990 749 1114 780 semper
1130 739 1299 771 videndum

187 792 242 829 est,
266 792 299 819 ut
322 798 421 820 eausa
444 792 538 829 atque
562 789 648 829 origo
672 790 927 830 interpolationis
951 790 990 821 sit
1015 790 1182 830 perspicua
1196 789 1227 831 ¹).

272 856 330 887 His
354 856 447 888 certis
469 856 645 887 rationibus
661 857 754 897 ducti,
778 857 1004 897 praeiudicatis
1020 857 1223 898 opinionibus
1239 868 1300 888 non

188 907 349 947 admissis,
379 917 441 947 quo
473 907 655 947 diligentius
686 908 879 947 singulorum
910 908 1048 939 locorum
1073 908 1210 939 indolem
1235 918 1301 949 per-

188 958 371 998 pendemus,
395 968 519 997 quoque
541 958 721 989 accuratius
737 958 912 989 sententias
935 958 974 990 de
997 958 1041 990 eis
1065 959 1204 999 prolatas
1228 968 1301 990 exa-

189 1009 395 1049 minabimus,
419 1018 456 1040 eo
481 1013 597 1049 rarius,
629 1009 689 1039 nisi
713 1019 787 1049 spes
810 1019 867 1039 nos
891 1009 989 1049 fallit,
1018 1009 1153 1048 accidet,
1190 1012 1223 1040 ut
1246 1012 1302 1040 aut

188 1063 305 1091 temere
329 1059 546 1091 abiudicemus
570 1060 713 1101 Euripidi
745 1070 827 1099 quae
857 1060 942 1091 haud
966 1060 1059 1092 dubie
1090 1060 1130 1091 ab
1163 1070 1199 1091 eo
1230 1062 1302 1091 sunt

189 1111 346 1151 profecta,
376 1115 431 1141 aut
462 1111 619 1151 patienter
648 1111 787 1142 feramus
817 1121 898 1151 quae
922 1111 1048 1142 retineri
1077 1122 1138 1142 nou
1163 1113 1302 1152 possunt.

188 1162 284 1192 totius
319 1165 425 1193 autem
460 1162 685 1202 disputationis
724 1162 840 1193 faciam
874 1166 980 1202 partes
1012 1165 1160 1201 quatuor,
1192 1162 1237 1192 ita
1268 1164 1301 1192 ut

188 1213 323 1253 primum
349 1212 505 1243 disseram
530 1213 569 1243 de
593 1213 638 1243 eis
662 1212 820 1251 versibus,
852 1213 883 1243 in
907 1213 1019 1252 quibus
1051 1212 1301 1253 interpolationis

191 1263 328 1303 suspicio
347 1263 445 1294 oritur
461 1263 510 1294 vel
523 1266 657 1302 augetur
670 1263 794 1294 indiciis
806 1264 952 1304 externis,
975 1263 1089 1294 deinde
1103 1263 1142 1294 de
1154 1263 1207 1303 eis,
1223 1273 1302 1302 quos

190 1315 385 1354 argument-is
415 1314 554 1345 externis
578 1324 639 1345 non
663 1314 884 1345 accedentibus
916 1314 1123 1355 interpolatos
1146 1323 1216 1345 esse
1238 1314 1301 1345 exi-

189 1365 289 1404 stimo,
312 1365 404 1396 tertio
428 1365 495 1396 loco
519 1365 559 1396 (le
583 1365 636 1404 eis,
660 1367 711 1404 qui
736 1375 902 1406 perperam
922 1365 953 1395 in
971 1365 1180 1405 suspicionem
1197 1364 1301 1395 vocati

189 1416 266 1446 mihi
296 1416 457 1455 videntur,
488 1418 646 1456 postremo
678 1416 716 1447 dc
747 1416 808 1455 cis,
841 1416 894 1455 qui
925 1426 963 1447 cx
992 1416 1166 1456 Hippolyto
1198 1415 1302 1455 priore

189 1466 370 1507 interpolati
402 1477 472 1498 esse
503 1467 604 1507 putati
636 1470 716 1498 sunt.
772 1471 868 1506 atque
900 1467 944 1497 ita
979 1476 1103 1507 semper
1139 1466 1302 1506 disputare

190 1517 331 1557 studebo,
355 1521 388 1548 ut
411 1528 430 1548 a
454 1517 637 1549 certioribus
661 1518 846 1558 progrediar
865 1517 907 1548 ad
930 1527 978 1558 ca,
1001 1527 1084 1556 quae
1108 1519 1179 1548 sunt
1198 1516 1301 1547 minus

190 1568 369 1599 manifesta.

730 1702 758 1733 Ι.

254 1774 303 1800 De
328 1773 480 1800 versibus
503 1775 642 1806 propter
666 1775 807 1800 externa
830 1775 1028 1805 argumenta
1051 1772 1229 1805 suspectis.

276 1846 539 1877 Protieiseeiidum
572 1846 707 1885 videtur,
739 1849 770 1876 ut
794 1855 917 1886 semper
948 1847 979 1876 in
1003 1846 1120 1876 talibus
1144 1845 1302 1885 quaestio—

191 1897 294 1935 nibus,
325 1897 365 1927 ab
395 1897 588 1937 argumentis
624 1897 770 1928 externis.
823 1907 953 1936 quorum
985 1899 1057 1927 sunt
1092 1896 1182 1927 varia
1215 1895 1302 1936 apud

191 1947 375 1988 Euripidem
407 1957 532 1987 genera.
577 1947 711 1988 primum
736 1948 819 1978 enim
851 1951 922 1978 sunt
945 1957 1067 1986 versus,
1091 1957 1169 1986 quos
1196 1946 1235 1977 ab
1260 1949 1303 1977 lu?-

191 2001 355 2030 strionibus
386 1998 521 2029 insertos
544 2008 614 2029 csse
637 2004 750 2030 veteres
773 2002 963 2037 qrammatlci
986 2000 1068 2029 certo
1092 1997 1199 2028 testati
1223 2000 1302 2028 sunt.

279 2118 297 2144 ¹)
316 2115 349 2142 ef.
370 2115 517 2148 Kirehhoff,
537 2116 581 2141 die
601 2116 727 2148 Compos.
747 2115 794 2141 der
813 2115 937 2148 Odyssee
955 2122 980 2147 p.
996 2116 1051 2139 201.
